<?xml version="1.0" encoding="UTF-8"?>
<!DOCTYPE html PUBLIC "-//W3C//DTD XHTML 1.0 Transitional//EN"
    "http://www.w3.org/TR/xhtml1/DTD/xhtml1-transitional.dtd">
<html xmlns="http://www.w3.org/1999/xhtml" xml:lang="en" lang="en">
 <head>
  <title>
</title>
<meta http-equiv="Content-Type" content="text/html;charset=utf-8" />
  <meta name='ocr-system' content='tesseract 3.04.00' />
  <meta name='ocr-capabilities' content='ocr_page ocr_carea ocr_par ocr_line ocrx_word'/>
</head>
<body>
  <div class='ocr_page' id='page_1' title='image "./definibusbonorum00cice_0502.png"; bbox 0 0 1574 2364; ppageno 0'>
   <div class='ocr_carea' id='block_1_1' title="bbox 248 780 296 818">
    <p class='ocr_par' dir='ltr' id='par_1_1' title="bbox 248 780 296 818">
     <span class='ocr_line' id='line_1_1' title="bbox 248 780 296 818; baseline 0 0"><span class='ocrx_word' id='word_1_1' title='bbox 248 780 296 818; x_wconf 88' lang='lat'>68</span> 
     </span>
    </p>
   </div>
   <div class='ocr_carea' id='block_1_2' title="bbox 632 149 1183 187">
    <p class='ocr_par' dir='ltr' id='par_1_2' title="bbox 632 149 1183 187">
     <span class='ocr_line' id='line_1_2' title="bbox 632 149 1183 187; baseline 0 0"><span class='ocrx_word' id='word_1_2' title='bbox 632 150 828 187; x_wconf 87' lang='lat' dir='ltr'>CICERO</span> <span class='ocrx_word' id='word_1_3' title='bbox 860 149 933 186; x_wconf 88' lang='lat' dir='ltr'>DE</span> <span class='ocrx_word' id='word_1_4' title='bbox 963 149 1183 187; x_wconf 86' lang='lat' dir='ltr'>FINIBUS</span> 
     </span>
    </p>
   </div>
   <div class='ocr_carea' id='block_1_3' title="bbox 325 229 1491 1868">
    <p class='ocr_par' dir='ltr' id='par_1_3' title="bbox 325 229 1491 1868">
     <span class='ocr_line' id='line_1_3' title="bbox 327 229 1490 275; baseline -0.002 -6"><span class='ocrx_word' id='word_1_5' title='bbox 327 238 371 270; x_wconf 87' lang='lat' dir='ltr'>ut</span> <span class='ocrx_word' id='word_1_6' title='bbox 392 231 585 269; x_wconf 87' lang='lat' dir='ltr'>fortitudo</span> <span class='ocrx_word' id='word_1_7' title='bbox 606 234 646 266; x_wconf 92' lang='lat' dir='ltr'>in</span> <span class='ocrx_word' id='word_1_8' title='bbox 666 230 866 266; x_wconf 79' lang='lat' dir='ltr'>laboribus</span> <span class='ocrx_word' id='word_1_9' title='bbox 886 229 1150 274; x_wconf 81' lang='lat' dir='ltr'>periculisque</span> <span class='ocrx_word' id='word_1_10' title='bbox 1171 234 1368 275; x_wconf 88' lang='lat' dir='ltr'>cernatur,</span> <span class='ocrx_word' id='word_1_11' title='bbox 1391 234 1490 267; x_wconf 87' lang='lat' dir='ltr'>tem-</span> 
     </span>
     <span class='ocr_line' id='line_1_4' title="bbox 326 284 1488 333; baseline -0.001 -10"><span class='ocrx_word' id='word_1_12' title='bbox 326 290 506 333; x_wconf 78' lang='lat' dir='ltr'>perantia</span> <span class='ocrx_word' id='word_1_13' title='bbox 526 289 566 322; x_wconf 88' lang='lat' dir='ltr'>in</span> <span class='ocrx_word' id='word_1_14' title='bbox 588 284 957 331; x_wconf 76' lang='lat' dir='ltr'>praetermittendis</span> <span class='ocrx_word' id='word_1_15' title='bbox 978 284 1261 330; x_wconf 84' lang='lat' dir='ltr'>voluptatibus,</span> <span class='ocrx_word' id='word_1_16' title='bbox 1279 285 1488 330; x_wconf 81' lang='lat' dir='ltr'>prudentia</span> 
     </span>
     <span class='ocr_line' id='line_1_5' title="bbox 327 339 1489 386; baseline -0.003 -7"><span class='ocrx_word' id='word_1_17' title='bbox 327 346 367 379; x_wconf 87' lang='lat' dir='ltr'>in</span> <span class='ocrx_word' id='word_1_18' title='bbox 382 342 542 378; x_wconf 87' lang='lat' dir='ltr'>delectu</span> <span class='ocrx_word' id='word_1_19' title='bbox 557 341 750 377; x_wconf 88' lang='lat' dir='ltr'>bonorum</span> <span class='ocrx_word' id='word_1_20' title='bbox 763 344 805 375; x_wconf 85' lang='lat' dir='ltr'>et</span> <span class='ocrx_word' id='word_1_21' title='bbox 820 339 1026 384; x_wconf 79' lang='lat' dir='ltr'>malm-um,</span> <span class='ocrx_word' id='word_1_22' title='bbox 1040 342 1189 376; x_wconf 88' lang='lat' dir='ltr'>iustitia</span> <span class='ocrx_word' id='word_1_23' title='bbox 1205 342 1245 375; x_wconf 91' lang='lat' dir='ltr'>in</span> <span class='ocrx_word' id='word_1_24' title='bbox 1263 353 1332 376; x_wconf 90' lang='lat' dir='ltr'>suo</span> <span class='ocrx_word' id='word_1_25' title='bbox 1348 343 1489 386; x_wconf 86' lang='lat' dir='ltr'>cuique</span> 
     </span>
     <span class='ocr_line' id='line_1_6' title="bbox 327 394 1489 440; baseline -0.001 -7"><span class='ocrx_word' id='word_1_26' title='bbox 327 396 550 433; x_wconf 89' lang='lat' dir='ltr'>tribuendo.</span> <span class='ocrx_word' id='word_1_27' title='bbox 624 394 796 440; x_wconf 83' lang='lat' dir='ltr'>Quando</span> <span class='ocrx_word' id='word_1_28' title='bbox 830 397 952 438; x_wconf 84' lang='lat' dir='ltr'>igitur</span> <span class='ocrx_word' id='word_1_29' title='bbox 985 397 1091 430; x_wconf 87' lang='lat' dir='ltr'>inest</span> <span class='ocrx_word' id='word_1_30' title='bbox 1125 397 1164 430; x_wconf 89' lang='lat' dir='ltr'>in</span> <span class='ocrx_word' id='word_1_31' title='bbox 1200 398 1308 431; x_wconf 86' lang='lat' dir='ltr'>omni</span> <span class='ocrx_word' id='word_1_32' title='bbox 1343 398 1489 433; x_wconf 82' lang='lat' dir='ltr'>virtute</span> 
     </span>
     <span class='ocr_line' id='line_1_7' title="bbox 327 449 1491 496; baseline -0.001 -8"><span class='ocrx_word' id='word_1_33' title='bbox 327 465 418 488; x_wconf 86' lang='lat' dir='ltr'>cura</span> <span class='ocrx_word' id='word_1_34' title='bbox 438 450 632 496; x_wconf 82' lang='lat' dir='ltr'>quaedam</span> <span class='ocrx_word' id='word_1_35' title='bbox 653 452 763 494; x_wconf 83' lang='lat' dir='ltr'>quasi</span> <span class='ocrx_word' id='word_1_36' title='bbox 784 449 886 485; x_wconf 81' lang='lat' dir='ltr'>foras</span> <span class='ocrx_word' id='word_1_37' title='bbox 904 454 1088 494; x_wconf 84' lang='lat' dir='ltr'>spectans</span> <span class='ocrx_word' id='word_1_38' title='bbox 1104 449 1280 494; x_wconf 83' lang='lat' dir='ltr'>aliosque</span> <span class='ocrx_word' id='word_1_39' title='bbox 1296 455 1491 495; x_wconf 85' lang='lat' dir='ltr'>appetens</span> 
     </span>
     <span class='ocr_line' id='line_1_8' title="bbox 326 504 1490 552; baseline 0 -10"><span class='ocrx_word' id='word_1_40' title='bbox 326 512 445 552; x_wconf 84' lang='lat' dir='ltr'>atque</span> <span class='ocrx_word' id='word_1_41' title='bbox 466 505 750 551; x_wconf 85' lang='lat' dir='ltr'>complectens,</span> <span class='ocrx_word' id='word_1_42' title='bbox 766 506 922 540; x_wconf 75' lang='lat' dir='ltr'>exsistit</span> <span class='ocrx_word' id='word_1_43' title='bbox 941 504 1053 549; x_wconf 80' lang='lat' dir='ltr'>illud,</span> <span class='ocrx_word' id='word_1_44' title='bbox 1070 509 1114 540; x_wconf 86' lang='lat' dir='ltr'>ut</span> <span class='ocrx_word' id='word_1_45' title='bbox 1129 507 1256 549; x_wconf 84' lang='lat' dir='ltr'>amici,</span> <span class='ocrx_word' id='word_1_46' title='bbox 1270 510 1316 541; x_wconf 87' lang='lat' dir='ltr'>ut</span> <span class='ocrx_word' id='word_1_47' title='bbox 1336 504 1490 551; x_wconf 77' lang='lat' dir='ltr'>fratres,</span> 
     </span>
     <span class='ocr_line' id='line_1_9' title="bbox 327 559 1489 606; baseline -0.001 -8"><span class='ocrx_word' id='word_1_48' title='bbox 327 567 372 598; x_wconf 85' lang='lat' dir='ltr'>ut</span> <span class='ocrx_word' id='word_1_49' title='bbox 398 563 621 606; x_wconf 82' lang='lat' dir='ltr'>propinqui,</span> <span class='ocrx_word' id='word_1_50' title='bbox 642 565 688 595; x_wconf 88' lang='lat' dir='ltr'>ut</span> <span class='ocrx_word' id='word_1_51' title='bbox 715 559 860 603; x_wconf 76' lang='lat' dir='ltr'>affines,</span> <span class='ocrx_word' id='word_1_52' title='bbox 882 564 927 595; x_wconf 90' lang='lat' dir='ltr'>ut</span> <span class='ocrx_word' id='word_1_53' title='bbox 951 562 1068 603; x_wconf 85' lang='lat' dir='ltr'>cives,</span> <span class='ocrx_word' id='word_1_54' title='bbox 1091 564 1135 595; x_wconf 87' lang='lat' dir='ltr'>ut</span> <span class='ocrx_word' id='word_1_55' title='bbox 1159 572 1295 596; x_wconf 90' lang='lat' dir='ltr'>omnes</span> <span class='ocrx_word' id='word_1_56' title='bbox 1316 559 1489 605; x_wconf 88' lang='lat' dir='ltr'>denique</span> 
     </span>
     <span class='ocr_line' id='line_1_10' title="bbox 327 607 1488 661; baseline -0.001 -9"><span class='ocrx_word' id='word_1_57' title='bbox 327 610 531 661; x_wconf 83' lang='lat' dir='ltr'>(quoniam</span> <span class='ocrx_word' id='word_1_58' title='bbox 559 628 678 651; x_wconf 84' lang='lat' dir='ltr'>unam</span> <span class='ocrx_word' id='word_1_59' title='bbox 705 617 938 650; x_wconf 79' lang='lat' dir='ltr'>societatem</span> <span class='ocrx_word' id='word_1_60' title='bbox 958 613 1164 650; x_wconf 89' lang='lat' dir='ltr'>hominum</span> <span class='ocrx_word' id='word_1_61' title='bbox 1186 627 1272 650; x_wconf 89' lang='lat' dir='ltr'>esse</span> <span class='ocrx_word' id='word_1_62' title='bbox 1293 607 1488 658; x_wconf 84' lang='lat' dir='ltr'>volumus)</span> 
     </span>
     <span class='ocr_line' id='line_1_11' title="bbox 328 669 1487 717; baseline -0.001 -10"><span class='ocrx_word' id='word_1_63' title='bbox 328 676 489 717; x_wconf 88' lang='lat' dir='ltr'>propter</span> <span class='ocrx_word' id='word_1_64' title='bbox 517 683 557 706; x_wconf 90' lang='lat' dir='ltr'>se</span> <span class='ocrx_word' id='word_1_65' title='bbox 587 669 804 715; x_wconf 86' lang='lat' dir='ltr'>expetendi</span> <span class='ocrx_word' id='word_1_66' title='bbox 832 671 921 705; x_wconf 87' lang='lat' dir='ltr'>sint.</span> <span class='ocrx_word' id='word_1_67' title='bbox 982 669 1106 714; x_wconf 83' lang='lat' dir='ltr'>Atqui</span> <span class='ocrx_word' id='word_1_68' title='bbox 1134 682 1270 705; x_wconf 88' lang='lat' dir='ltr'>eorum</span> <span class='ocrx_word' id='word_1_69' title='bbox 1300 669 1399 705; x_wconf 85' lang='lat' dir='ltr'>nihil</span> <span class='ocrx_word' id='word_1_70' title='bbox 1429 675 1487 706; x_wconf 78' lang='lat' dir='ltr'>est</span> 
     </span>
     <span class='ocr_line' id='line_1_12' title="bbox 326 723 1486 771; baseline 0 -9"><span class='ocrx_word' id='word_1_71' title='bbox 326 729 410 762; x_wconf 86' lang='lat' dir='ltr'>eius</span> <span class='ocrx_word' id='word_1_72' title='bbox 430 727 588 771; x_wconf 82' lang='lat' dir='ltr'>generis</span> <span class='ocrx_word' id='word_1_73' title='bbox 608 729 654 760; x_wconf 85' lang='lat' dir='ltr'>ut</span> <span class='ocrx_word' id='word_1_74' title='bbox 678 727 729 760; x_wconf 89' lang='lat' dir='ltr'>sit</span> <span class='ocrx_word' id='word_1_75' title='bbox 756 727 795 759; x_wconf 90' lang='lat' dir='ltr'>in</span> <span class='ocrx_word' id='word_1_76' title='bbox 823 723 900 759; x_wconf 80' lang='lat' dir='ltr'>fine</span> <span class='ocrx_word' id='word_1_77' title='bbox 927 728 1048 769; x_wconf 83' lang='lat' dir='ltr'>atque</span> <span class='ocrx_word' id='word_1_78' title='bbox 1076 729 1255 760; x_wconf 83' lang='lat' dir='ltr'>extremo</span> <span class='ocrx_word' id='word_1_79' title='bbox 1283 724 1486 762; x_wconf 87' lang='lat' dir='ltr'>bonorum.</span> 
     </span>
     <span class='ocr_line' id='line_1_13' title="bbox 330 779 1488 824; baseline -0.001 -7"><span class='ocrx_word' id='word_1_80' title='bbox 330 781 390 817; x_wconf 87' lang='lat' dir='ltr'>Ita</span> <span class='ocrx_word' id='word_1_81' title='bbox 411 781 454 817; x_wconf 80' lang='lat' dir='ltr'>fit</span> <span class='ocrx_word' id='word_1_82' title='bbox 478 785 522 816; x_wconf 89' lang='lat' dir='ltr'>ut</span> <span class='ocrx_word' id='word_1_83' title='bbox 549 779 626 815; x_wconf 90' lang='lat' dir='ltr'>duo</span> <span class='ocrx_word' id='word_1_84' title='bbox 650 792 799 824; x_wconf 87' lang='lat' dir='ltr'>genera</span> <span class='ocrx_word' id='word_1_85' title='bbox 826 783 988 824; x_wconf 80' lang='lat' dir='ltr'>propter</span> <span class='ocrx_word' id='word_1_86' title='bbox 1014 791 1055 815; x_wconf 90' lang='lat' dir='ltr'>se</span> <span class='ocrx_word' id='word_1_87' title='bbox 1085 779 1402 824; x_wconf 86' lang='lat' dir='ltr'>expetendorum</span> <span class='ocrx_word' id='word_1_88' title='bbox 1429 793 1488 816; x_wconf 89' lang='lat' dir='ltr'>re-</span> 
     </span>
     <span class='ocr_line' id='line_1_14' title="bbox 328 834 1489 882; baseline 0 -11"><span class='ocrx_word' id='word_1_89' title='bbox 328 838 544 882; x_wconf 84' lang='lat' dir='ltr'>periantur,</span> <span class='ocrx_word' id='word_1_90' title='bbox 565 847 688 870; x_wconf 89' lang='lat' dir='ltr'>unum</span> <span class='ocrx_word' id='word_1_91' title='bbox 708 834 813 879; x_wconf 92' lang='lat' dir='ltr'>quod</span> <span class='ocrx_word' id='word_1_92' title='bbox 835 838 896 869; x_wconf 86' lang='lat' dir='ltr'>est</span> <span class='ocrx_word' id='word_1_93' title='bbox 916 836 956 869; x_wconf 91' lang='lat' dir='ltr'>in</span> <span class='ocrx_word' id='word_1_94' title='bbox 977 836 1022 869; x_wconf 93' lang='lat' dir='ltr'>iis</span> <span class='ocrx_word' id='word_1_95' title='bbox 1043 837 1084 869; x_wconf 90' lang='lat' dir='ltr'>in</span> <span class='ocrx_word' id='word_1_96' title='bbox 1105 835 1246 878; x_wconf 89' lang='lat' dir='ltr'>quibus</span> <span class='ocrx_word' id='word_1_97' title='bbox 1267 835 1489 880; x_wconf 83' lang='lat' dir='ltr'>completur</span> 
     </span>
     <span class='ocr_line' id='line_1_15' title="bbox 327 890 1487 935; baseline -0.002 -8"><span class='ocrx_word' id='word_1_98' title='bbox 327 890 425 927; x_wconf 83' lang='lat' dir='ltr'>illud</span> <span class='ocrx_word' id='word_1_99' title='bbox 451 894 687 934; x_wconf 86' lang='lat' dir='ltr'>extremum,</span> <span class='ocrx_word' id='word_1_100' title='bbox 712 902 812 933; x_wconf 89' lang='lat' dir='ltr'>quae</span> <span class='ocrx_word' id='word_1_101' title='bbox 840 893 933 924; x_wconf 88' lang='lat' dir='ltr'>sunt</span> <span class='ocrx_word' id='word_1_102' title='bbox 959 893 1028 924; x_wconf 83' lang='lat' dir='ltr'>aut</span> <span class='ocrx_word' id='word_1_103' title='bbox 1054 891 1173 924; x_wconf 88' lang='lat' dir='ltr'>animi</span> <span class='ocrx_word' id='word_1_104' title='bbox 1201 894 1270 925; x_wconf 87' lang='lat' dir='ltr'>aut</span> <span class='ocrx_word' id='word_1_105' title='bbox 1297 893 1487 935; x_wconf 81' lang='lat' dir='ltr'>corporis3</span> 
     </span>
     <span class='ocr_line' id='line_1_16' title="bbox 328 944 1488 991; baseline -0.001 -9"><span class='ocrx_word' id='word_1_106' title='bbox 328 946 426 982; x_wconf 84' lang='lat' dir='ltr'>haec</span> <span class='ocrx_word' id='word_1_107' title='bbox 445 950 580 981; x_wconf 88' lang='lat' dir='ltr'>autem</span> <span class='ocrx_word' id='word_1_108' title='bbox 600 957 700 989; x_wconf 88' lang='lat' dir='ltr'>quae</span> <span class='ocrx_word' id='word_1_109' title='bbox 721 949 814 991; x_wconf 80' lang='lat' dir='ltr'>sunt</span> <span class='ocrx_word' id='word_1_110' title='bbox 834 946 1091 988; x_wconf 80' lang='lat' dir='ltr'>extrinsecus,</span> <span class='ocrx_word' id='word_1_111' title='bbox 1108 944 1148 980; x_wconf 89' lang='lat' dir='ltr'>id</span> <span class='ocrx_word' id='word_1_112' title='bbox 1165 948 1225 980; x_wconf 88' lang='lat' dir='ltr'>est</span> <span class='ocrx_word' id='word_1_113' title='bbox 1241 957 1340 989; x_wconf 84' lang='lat' dir='ltr'>quae</span> <span class='ocrx_word' id='word_1_114' title='bbox 1357 957 1488 990; x_wconf 88' lang='lat' dir='ltr'>neque</span> 
     </span>
     <span class='ocr_line' id='line_1_17' title="bbox 328 1001 1486 1045; baseline 0 -9"><span class='ocrx_word' id='word_1_115' title='bbox 328 1004 367 1036; x_wconf 91' lang='lat' dir='ltr'>in</span> <span class='ocrx_word' id='word_1_116' title='bbox 384 1003 515 1036; x_wconf 88' lang='lat' dir='ltr'>animo</span> <span class='ocrx_word' id='word_1_117' title='bbox 530 1003 666 1035; x_wconf 87' lang='lat' dir='ltr'>insunt</span> <span class='ocrx_word' id='word_1_118' title='bbox 682 1012 813 1043; x_wconf 91' lang='lat' dir='ltr'>neque</span> <span class='ocrx_word' id='word_1_119' title='bbox 829 1001 869 1034; x_wconf 92' lang='lat' dir='ltr'>in</span> <span class='ocrx_word' id='word_1_120' title='bbox 891 1011 1065 1044; x_wconf 89' lang='lat' dir='ltr'>corpore,</span> <span class='ocrx_word' id='word_1_121' title='bbox 1082 1003 1127 1034; x_wconf 87' lang='lat' dir='ltr'>ut</span> <span class='ocrx_word' id='word_1_122' title='bbox 1142 1002 1270 1044; x_wconf 87' lang='lat' dir='ltr'>amici,</span> <span class='ocrx_word' id='word_1_123' title='bbox 1287 1004 1332 1035; x_wconf 81' lang='lat' dir='ltr'>ut</span> <span class='ocrx_word' id='word_1_124' title='bbox 1346 1013 1486 1045; x_wconf 85' lang='lat' dir='ltr'>paren-</span> 
     </span>
     <span class='ocr_line' id='line_1_18' title="bbox 330 1055 1486 1100; baseline 0 -9"><span class='ocrx_word' id='word_1_125' title='bbox 330 1061 404 1100; x_wconf 84' lang='lat' dir='ltr'>tes,</span> <span class='ocrx_word' id='word_1_126' title='bbox 425 1060 470 1091; x_wconf 83' lang='lat' dir='ltr'>ut</span> <span class='ocrx_word' id='word_1_127' title='bbox 495 1055 623 1099; x_wconf 89' lang='lat' dir='ltr'>liberi,</span> <span class='ocrx_word' id='word_1_128' title='bbox 648 1059 693 1090; x_wconf 86' lang='lat' dir='ltr'>ut</span> <span class='ocrx_word' id='word_1_129' title='bbox 714 1056 936 1099; x_wconf 86' lang='lat' dir='ltr'>propinqui,</span> <span class='ocrx_word' id='word_1_130' title='bbox 957 1058 1003 1090; x_wconf 84' lang='lat' dir='ltr'>ut</span> <span class='ocrx_word' id='word_1_131' title='bbox 1029 1056 1112 1099; x_wconf 87' lang='lat' dir='ltr'>ipsa</span> <span class='ocrx_word' id='word_1_132' title='bbox 1138 1057 1278 1099; x_wconf 84' lang='lat' dir='ltr'>patria,</span> <span class='ocrx_word' id='word_1_133' title='bbox 1300 1059 1393 1090; x_wconf 88' lang='lat' dir='ltr'>sunt</span> <span class='ocrx_word' id='word_1_134' title='bbox 1420 1055 1486 1091; x_wconf 79' lang='lat' dir='ltr'>illa</span> 
     </span>
     <span class='ocr_line' id='line_1_19' title="bbox 328 1108 1487 1155; baseline -0.001 -9"><span class='ocrx_word' id='word_1_135' title='bbox 328 1110 489 1155; x_wconf 88' lang='lat' dir='ltr'>quidem</span> <span class='ocrx_word' id='word_1_136' title='bbox 517 1123 585 1145; x_wconf 85' lang='lat' dir='ltr'>sua</span> <span class='ocrx_word' id='word_1_137' title='bbox 612 1114 754 1154; x_wconf 85' lang='lat' dir='ltr'>sponte</span> <span class='ocrx_word' id='word_1_138' title='bbox 781 1122 882 1153; x_wconf 80' lang='lat' dir='ltr'>cara,</span> <span class='ocrx_word' id='word_1_139' title='bbox 903 1108 973 1144; x_wconf 86' lang='lat' dir='ltr'>sed</span> <span class='ocrx_word' id='word_1_140' title='bbox 1000 1109 1141 1145; x_wconf 88' lang='lat' dir='ltr'>eodem</span> <span class='ocrx_word' id='word_1_141' title='bbox 1169 1111 1209 1144; x_wconf 92' lang='lat' dir='ltr'>in</span> <span class='ocrx_word' id='word_1_142' title='bbox 1236 1122 1385 1154; x_wconf 87' lang='lat' dir='ltr'>genere</span> <span class='ocrx_word' id='word_1_143' title='bbox 1409 1123 1487 1154; x_wconf 91' lang='lat' dir='ltr'>quo</span> 
     </span>
     <span class='ocr_line' id='line_1_20' title="bbox 328 1164 1486 1209; baseline 0 -9"><span class='ocrx_word' id='word_1_144' title='bbox 328 1165 394 1201; x_wconf 85' lang='lat' dir='ltr'>illa</span> <span class='ocrx_word' id='word_1_145' title='bbox 420 1178 500 1200; x_wconf 87' lang='lat' dir='ltr'>non</span> <span class='ocrx_word' id='word_1_146' title='bbox 526 1169 629 1200; x_wconf 87' lang='lat' dir='ltr'>sunt.</span> <span class='ocrx_word' id='word_1_147' title='bbox 690 1164 775 1200; x_wconf 85' lang='lat' dir='ltr'>Nec</span> <span class='ocrx_word' id='word_1_148' title='bbox 803 1176 895 1200; x_wconf 86' lang='lat' dir='ltr'>vero</span> <span class='ocrx_word' id='word_1_149' title='bbox 915 1176 1101 1209; x_wconf 84' lang='lat' dir='ltr'>umquam</span> <span class='ocrx_word' id='word_1_150' title='bbox 1122 1176 1319 1200; x_wconf 89' lang='lat' dir='ltr'>summum</span> <span class='ocrx_word' id='word_1_151' title='bbox 1340 1165 1486 1201; x_wconf 87' lang='lat' dir='ltr'>bonum</span> 
     </span>
     <span class='ocr_line' id='line_1_21' title="bbox 327 1218 1487 1264; baseline -0.001 -8"><span class='ocrx_word' id='word_1_152' title='bbox 327 1223 480 1264; x_wconf 86' lang='lat' dir='ltr'>assequi</span> <span class='ocrx_word' id='word_1_153' title='bbox 498 1222 703 1264; x_wconf 87' lang='lat' dir='ltr'>quisquam</span> <span class='ocrx_word' id='word_1_154' title='bbox 719 1224 853 1264; x_wconf 84' lang='lat' dir='ltr'>posset</span> <span class='ocrx_word' id='word_1_155' title='bbox 869 1221 898 1254; x_wconf 90' lang='lat' dir='ltr'>si</span> <span class='ocrx_word' id='word_1_156' title='bbox 915 1222 1045 1254; x_wconf 85' lang='lat' dir='ltr'>omnia</span> <span class='ocrx_word' id='word_1_157' title='bbox 1062 1218 1140 1263; x_wconf 85' lang='lat' dir='ltr'>illa,</span> <span class='ocrx_word' id='word_1_158' title='bbox 1155 1232 1254 1264; x_wconf 87' lang='lat' dir='ltr'>quae</span> <span class='ocrx_word' id='word_1_159' title='bbox 1271 1224 1363 1255; x_wconf 91' lang='lat' dir='ltr'>sunt</span> <span class='ocrx_word' id='word_1_160' title='bbox 1377 1225 1487 1255; x_wconf 81' lang='lat' dir='ltr'>extra</span> 
     </span>
     <span class='ocr_line' id='line_1_22' title="bbox 328 1273 1456 1320; baseline 0 -10"><span class='ocrx_word' id='word_1_161' title='bbox 328 1287 565 1320; x_wconf 85' lang='lat' dir='ltr'>quamquam</span> <span class='ocrx_word' id='word_1_162' title='bbox 586 1273 826 1319; x_wconf 82' lang='lat' dir='ltr'>expetenda,</span> <span class='ocrx_word' id='word_1_163' title='bbox 847 1287 999 1310; x_wconf 86' lang='lat' dir='ltr'>summo</span> <span class='ocrx_word' id='word_1_164' title='bbox 1020 1274 1123 1310; x_wconf 85' lang='lat' dir='ltr'>bono</span> <span class='ocrx_word' id='word_1_165' title='bbox 1144 1277 1456 1310; x_wconf 84' lang='lat' dir='ltr'>continerentur.</span> 
     </span>
     <span class='ocr_line' id='line_1_23' title="bbox 396 1320 1487 1374; baseline 0.001 -10"><span class='ocrx_word' id='word_1_166' title='bbox 396 1329 540 1365; x_wconf 73' lang='lat' dir='ltr'><strong>XXIV.</strong></span> <span class='ocrx_word' id='word_1_167' title='bbox 586 1320 609 1335; x_wconf 68' lang='lat'>‘¹</span> <span class='ocrx_word' id='word_1_168' title='bbox 625 1328 834 1373; x_wconf 83' lang='lat' dir='ltr'>Quomodo</span> <span class='ocrx_word' id='word_1_169' title='bbox 867 1331 1000 1374; x_wconf 87' lang='lat' dir='ltr'>igitur,</span> <span class='ocrx_word' id='word_1_170' title='bbox 1032 1332 1200 1374; x_wconf 85' lang='lat' dir='ltr'>inquies,</span> <span class='ocrx_word' id='word_1_171' title='bbox 1231 1341 1366 1365; x_wconf 87' lang='lat' dir='ltr'>verum</span> <span class='ocrx_word' id='word_1_172' title='bbox 1401 1342 1487 1366; x_wconf 91' lang='lat' dir='ltr'>esse</span> 
     </span>
     <span class='ocr_line' id='line_1_24' title="bbox 329 1383 1488 1429; baseline 0 -9"><span class='ocrx_word' id='word_1_173' title='bbox 329 1387 475 1429; x_wconf 85' lang='lat' dir='ltr'>poterit</span> <span class='ocrx_word' id='word_1_174' title='bbox 498 1387 628 1420; x_wconf 87' lang='lat' dir='ltr'>omnia</span> <span class='ocrx_word' id='word_1_175' title='bbox 655 1383 792 1420; x_wconf 83' lang='lat' dir='ltr'>referri</span> <span class='ocrx_word' id='word_1_176' title='bbox 819 1383 867 1419; x_wconf 84' lang='lat' dir='ltr'>ad</span> <span class='ocrx_word' id='word_1_177' title='bbox 895 1396 1090 1420; x_wconf 87' lang='lat' dir='ltr'>summum</span> <span class='ocrx_word' id='word_1_178' title='bbox 1118 1384 1278 1428; x_wconf 87' lang='lat' dir='ltr'>bonum,</span> <span class='ocrx_word' id='word_1_179' title='bbox 1300 1387 1330 1421; x_wconf 90' lang='lat' dir='ltr'>si</span> <span class='ocrx_word' id='word_1_180' title='bbox 1357 1387 1488 1420; x_wconf 89' lang='lat' dir='ltr'>amici-</span> 
     </span>
     <span class='ocr_line' id='line_1_25' title="bbox 327 1438 1489 1484; baseline 0 -9"><span class='ocrx_word' id='word_1_181' title='bbox 327 1442 420 1484; x_wconf 86' lang='lat' dir='ltr'>tiae,</span> <span class='ocrx_word' id='word_1_182' title='bbox 451 1442 481 1475; x_wconf 90' lang='lat' dir='ltr'>si</span> <span class='ocrx_word' id='word_1_183' title='bbox 516 1442 844 1484; x_wconf 86' lang='lat' dir='ltr'>propinquitates,</span> <span class='ocrx_word' id='word_1_184' title='bbox 876 1441 907 1474; x_wconf 89' lang='lat' dir='ltr'>si</span> <span class='ocrx_word' id='word_1_185' title='bbox 945 1438 1096 1483; x_wconf 90' lang='lat' dir='ltr'>reliqua</span> <span class='ocrx_word' id='word_1_186' title='bbox 1134 1444 1300 1475; x_wconf 87' lang='lat' dir='ltr'>externa</span> <span class='ocrx_word' id='word_1_187' title='bbox 1337 1452 1489 1475; x_wconf 88' lang='lat' dir='ltr'>summo</span> 
     </span>
     <span class='ocr_line' id='line_1_26' title="bbox 327 1493 1489 1539; baseline 0.001 -10"><span class='ocrx_word' id='word_1_188' title='bbox 327 1495 430 1530; x_wconf 88' lang='lat' dir='ltr'>bono</span> <span class='ocrx_word' id='word_1_189' title='bbox 450 1506 530 1529; x_wconf 89' lang='lat' dir='ltr'>non</span> <span class='ocrx_word' id='word_1_190' title='bbox 551 1494 835 1530; x_wconf 81' lang='lat' dir='ltr'>continentur?</span> <span class='ocrx_word' id='word_1_191' title='bbox 895 1494 983 1529; x_wconf 84' lang='lat' dir='ltr'>Hac</span> <span class='ocrx_word' id='word_1_192' title='bbox 999 1493 1186 1530; x_wconf 79' lang='lat' dir='ltr'>videlicet</span> <span class='ocrx_word' id='word_1_193' title='bbox 1201 1497 1366 1538; x_wconf 86' lang='lat' dir='ltr'>ratione,</span> <span class='ocrx_word' id='word_1_194' title='bbox 1383 1494 1489 1539; x_wconf 88' lang='lat' dir='ltr'>quod</span> 
     </span>
     <span class='ocr_line' id='line_1_27' title="bbox 328 1548 1489 1594; baseline 0 -10"><span class='ocrx_word' id='word_1_195' title='bbox 328 1562 374 1584; x_wconf 88' lang='lat' dir='ltr'>ea</span> <span class='ocrx_word' id='word_1_196' title='bbox 394 1561 493 1593; x_wconf 87' lang='lat' dir='ltr'>quae</span> <span class='ocrx_word' id='word_1_197' title='bbox 515 1553 679 1584; x_wconf 83' lang='lat' dir='ltr'>externa</span> <span class='ocrx_word' id='word_1_198' title='bbox 699 1553 791 1584; x_wconf 89' lang='lat' dir='ltr'>sunt</span> <span class='ocrx_word' id='word_1_199' title='bbox 811 1551 856 1584; x_wconf 90' lang='lat' dir='ltr'>iis</span> <span class='ocrx_word' id='word_1_200' title='bbox 872 1553 1031 1584; x_wconf 87' lang='lat' dir='ltr'>tuemur</span> <span class='ocrx_word' id='word_1_201' title='bbox 1045 1548 1177 1585; x_wconf 84' lang='lat' dir='ltr'>officiis</span> <span class='ocrx_word' id='word_1_202' title='bbox 1193 1561 1294 1594; x_wconf 90' lang='lat' dir='ltr'>quae</span> <span class='ocrx_word' id='word_1_203' title='bbox 1310 1552 1489 1585; x_wconf 89' lang='lat' dir='ltr'>oriuntur</span> 
     </span>
     <span class='ocr_line' id='line_1_28' title="bbox 327 1604 1490 1648; baseline 0 -9"><span class='ocrx_word' id='word_1_204' title='bbox 327 1617 348 1639; x_wconf 88' lang='lat' dir='ltr'>a</span> <span class='ocrx_word' id='word_1_205' title='bbox 369 1616 437 1639; x_wconf 93' lang='lat' dir='ltr'>suo</span> <span class='ocrx_word' id='word_1_206' title='bbox 458 1605 644 1648; x_wconf 87' lang='lat' dir='ltr'>cuiusque</span> <span class='ocrx_word' id='word_1_207' title='bbox 665 1616 813 1648; x_wconf 86' lang='lat' dir='ltr'>genere</span> <span class='ocrx_word' id='word_1_208' title='bbox 834 1606 1000 1639; x_wconf 88' lang='lat' dir='ltr'>virtutis.</span> <span class='ocrx_word' id='word_1_209' title='bbox 1043 1604 1145 1639; x_wconf 88' lang='lat' dir='ltr'>Nam</span> <span class='ocrx_word' id='word_1_210' title='bbox 1166 1608 1207 1640; x_wconf 85' lang='lat' dir='ltr'>et</span> <span class='ocrx_word' id='word_1_211' title='bbox 1226 1606 1340 1639; x_wconf 84' lang='lat' dir='ltr'>amici</span> <span class='ocrx_word' id='word_1_212' title='bbox 1361 1604 1490 1640; x_wconf 86' lang='lat' dir='ltr'>cultus</span> 
     </span>
     <span class='ocr_line' id='line_1_29' title="bbox 327 1657 1490 1704; baseline 0.001 -11"><span class='ocrx_word' id='word_1_213' title='bbox 327 1663 369 1694; x_wconf 88' lang='lat' dir='ltr'>et</span> <span class='ocrx_word' id='word_1_214' title='bbox 388 1660 563 1702; x_wconf 88' lang='lat' dir='ltr'>parentis</span> <span class='ocrx_word' id='word_1_215' title='bbox 584 1661 620 1693; x_wconf 89' lang='lat' dir='ltr'>ei</span> <span class='ocrx_word' id='word_1_216' title='bbox 641 1661 706 1702; x_wconf 91' lang='lat' dir='ltr'>qui</span> <span class='ocrx_word' id='word_1_217' title='bbox 728 1659 851 1694; x_wconf 86' lang='lat' dir='ltr'>officio</span> <span class='ocrx_word' id='word_1_218' title='bbox 876 1657 1056 1703; x_wconf 82' lang='lat' dir='ltr'>fungitur</span> <span class='ocrx_word' id='word_1_219' title='bbox 1082 1661 1123 1694; x_wconf 92' lang='lat' dir='ltr'>in</span> <span class='ocrx_word' id='word_1_220' title='bbox 1150 1671 1196 1695; x_wconf 91' lang='lat' dir='ltr'>eo</span> <span class='ocrx_word' id='word_1_221' title='bbox 1217 1661 1301 1704; x_wconf 84' lang='lat' dir='ltr'>ipso</span> <span class='ocrx_word' id='word_1_222' title='bbox 1328 1658 1490 1704; x_wconf 91' lang='lat' dir='ltr'>prodest</span> 
     </span>
     <span class='ocr_line' id='line_1_30' title="bbox 327 1712 1489 1758; baseline 0.002 -11"><span class='ocrx_word' id='word_1_223' title='bbox 327 1712 432 1757; x_wconf 87' lang='lat' dir='ltr'>quod</span> <span class='ocrx_word' id='word_1_224' title='bbox 456 1715 511 1748; x_wconf 90' lang='lat' dir='ltr'>ita</span> <span class='ocrx_word' id='word_1_225' title='bbox 538 1712 651 1757; x_wconf 83' lang='lat' dir='ltr'>fungi</span> <span class='ocrx_word' id='word_1_226' title='bbox 678 1713 802 1748; x_wconf 85' lang='lat' dir='ltr'>officio</span> <span class='ocrx_word' id='word_1_227' title='bbox 829 1715 869 1748; x_wconf 90' lang='lat' dir='ltr'>in</span> <span class='ocrx_word' id='word_1_228' title='bbox 896 1717 1005 1749; x_wconf 85' lang='lat' dir='ltr'>recte</span> <span class='ocrx_word' id='word_1_229' title='bbox 1033 1713 1147 1749; x_wconf 88' lang='lat' dir='ltr'>factis</span> <span class='ocrx_word' id='word_1_230' title='bbox 1175 1717 1248 1758; x_wconf 91' lang='lat' dir='ltr'>est,</span> <span class='ocrx_word' id='word_1_231' title='bbox 1269 1726 1369 1758; x_wconf 89' lang='lat' dir='ltr'>quae</span> <span class='ocrx_word' id='word_1_232' title='bbox 1396 1718 1489 1750; x_wconf 84' lang='lat' dir='ltr'>sunt</span> 
     </span>
     <span class='ocr_line' id='line_1_31' title="bbox 325 1759 1490 1813; baseline 0.002 -11"><span class='ocrx_word' id='word_1_233' title='bbox 325 1771 410 1803; x_wconf 92' lang='lat' dir='ltr'>orta</span> <span class='ocrx_word' id='word_1_234' title='bbox 423 1780 445 1802; x_wconf 89' lang='lat' dir='ltr'>a</span> <span class='ocrx_word' id='word_1_235' title='bbox 456 1759 469 1782; x_wconf 79' lang='lat'>¹</span> <span class='ocrx_word' id='word_1_236' title='bbox 490 1767 710 1803; x_wconf 85' lang='lat' dir='ltr'>virtutibus.</span> <span class='ocrx_word' id='word_1_237' title='bbox 756 1767 868 1812; x_wconf 82' lang='lat' dir='ltr'>Quae</span> <span class='ocrx_word' id='word_1_238' title='bbox 883 1768 1043 1812; x_wconf 88' lang='lat' dir='ltr'>quidem</span> <span class='ocrx_word' id='word_1_239' title='bbox 1058 1771 1257 1813; x_wconf 82' lang='lat' dir='ltr'>sapientes</span> <span class='ocrx_word' id='word_1_240' title='bbox 1270 1773 1490 1813; x_wconf 87' lang='lat' dir='ltr'>sequuntur</span> 
     </span>
     <span class='ocr_line' id='line_1_32' title="bbox 326 1814 1485 1868; baseline 0.003 -12"><span class='ocrx_word' id='word_1_241' title='bbox 326 1826 487 1857; x_wconf 88' lang='lat' dir='ltr'>utentes</span> <span class='ocrx_word' id='word_1_242' title='bbox 507 1814 732 1866; x_wconf 70' lang='lat' dir='ltr'>tamquam2</span> <span class='ocrx_word' id='word_1_243' title='bbox 752 1822 852 1859; x_wconf 81' lang='lat' dir='ltr'>duce</span> <span class='ocrx_word' id='word_1_244' title='bbox 873 1827 1037 1866; x_wconf 88' lang='lat' dir='ltr'>natura;</span> <span class='ocrx_word' id='word_1_245' title='bbox 1066 1835 1146 1859; x_wconf 89' lang='lat' dir='ltr'>non</span> <span class='ocrx_word' id='word_1_246' title='bbox 1167 1822 1334 1868; x_wconf 86' lang='lat' dir='ltr'>perfecti</span> <span class='ocrx_word' id='word_1_247' title='bbox 1355 1828 1485 1860; x_wconf 86' lang='lat' dir='ltr'>autem</span> 
     </span>
    </p>
   </div>
   <div class='ocr_carea' id='block_1_4' title="bbox 369 1918 1484 2006">
    <p class='ocr_par' dir='ltr' id='par_1_4' title="bbox 369 1918 1484 2006">
     <span class='ocr_line' id='line_1_33' title="bbox 370 1918 983 1960; baseline 0.005 -11"><span class='ocrx_word' id='word_1_248' title='bbox 370 1918 410 1950; x_wconf 81' lang='grc' dir='ltr'>1α</span> <span class='ocrx_word' id='word_1_249' title='bbox 427 1919 583 1950; x_wconf 85' lang='lat' dir='ltr'>inserted</span> <span class='ocrx_word' id='word_1_250' title='bbox 600 1919 644 1960; x_wconf 86' lang='lat' dir='ltr'>by</span> <span class='ocrx_word' id='word_1_251' title='bbox 664 1920 868 1957; x_wconf 79' lang='lat' dir='ltr'>Lambinus,</span> <span class='ocrx_word' id='word_1_252' title='bbox 889 1921 983 1952; x_wconf 87' lang='lat' dir='ltr'>Mdv.</span> 
     </span>
     <span class='ocr_line' id='line_1_34' title="bbox 369 1962 1484 2006; baseline 0.003 -14"><span class='ocrx_word' id='word_1_253' title='bbox 369 1962 529 1993; x_wconf 75' lang='lat' dir='ltr'>2utentes</span> <span class='ocrx_word' id='word_1_254' title='bbox 560 1966 740 2002; x_wconf 79' lang='lat' dir='ltr'>tamquam</span> <span class='ocrx_word' id='word_1_255' title='bbox 774 1963 869 1993; x_wconf 87' lang='lat' dir='ltr'>Mdv.</span> <span class='ocrx_word' id='word_1_256' title='bbox 904 1964 1096 2002; x_wconf 75' lang='lat' dir='ltr'>bracket53</span> <span class='ocrx_word' id='word_1_257' title='bbox 1132 1968 1266 1996; x_wconf 75' lang='lat' dir='ltr'>utentes</span> <span class='ocrx_word' id='word_1_258' title='bbox 1294 1968 1484 2006; x_wconf 75' lang='lat' dir='ltr'>sequuntur</span> 
     </span>
    </p>
   </div>
   <div class='ocr_carea' id='block_1_5' title="bbox 325 2004 1486 2079">
    <p class='ocr_par' dir='ltr' id='par_1_5' title="bbox 325 2004 1486 2079">
     <span class='ocr_line' id='line_1_35' title="bbox 327 2004 1486 2054; baseline 0.003 -18"><span class='ocrx_word' id='word_1_259' title='bbox 327 2009 508 2054; x_wconf 60' lang='lat' dir='ltr'>tamqufzm</span> <span class='ocrx_word' id='word_1_260' title='bbox 526 2004 645 2041; x_wconf 85' lang='lat' dir='ltr'>MSS.;</span> <span class='ocrx_word' id='word_1_261' title='bbox 664 2005 758 2036; x_wconf 87' lang='lat' dir='ltr'>Mdv.</span> <span class='ocrx_word' id='word_1_262' title='bbox 776 2006 863 2047; x_wconf 88' lang='lat' dir='ltr'>conj.</span> <span class='ocrx_word' id='word_1_263' title='bbox 883 2007 1039 2039; x_wconf 74' lang='lat' dir='ltr'>videntes</span> <span class='ocrx_word' id='word_1_264' title='bbox 1050 2011 1246 2049; x_wconf 79' lang='lat' dir='ltr'>sequuntur</span> <span class='ocrx_word' id='word_1_265' title='bbox 1260 2008 1343 2039; x_wconf 83' lang='lat' dir='ltr'>duce</span> <span class='ocrx_word' id='word_1_266' title='bbox 1357 2011 1486 2039; x_wconf 80' lang='lat' dir='ltr'>natura</span> 
     </span>
     <span class='ocr_line' id='line_1_36' title="bbox 325 2059 526 2079; baseline -0.01 0"><span class='ocrx_word' id='word_1_267' title='bbox 325 2059 400 2079; x_wconf 70' lang='lat' dir='ltr'><em>canl</em></span> <span class='ocrx_word' id='word_1_268' title='bbox 419 2059 526 2078; x_wconf 74' lang='lat' dir='ltr'>vlam.</span> 
     </span>
    </p>
   </div>
   <div class='ocr_carea' id='block_1_6' title="bbox 431 2101 509 2135">
    <p class='ocr_par' dir='ltr' id='par_1_6' title="bbox 431 2101 509 2135">
     <span class='ocr_line' id='line_1_37' title="bbox 431 2101 509 2135; baseline 0.026 -2"><span class='ocrx_word' id='word_1_269' title='bbox 431 2101 509 2135; x_wconf 82' lang='lat'>470</span> 
     </span>
    </p>
   </div>
  </div>
 </body>
</html>
