1615 2359
209 406 257 439 50

209 1460 252 1493 51

593 87 788 125 CICERO
820 88 894 126 DE
924 89 1144 129 FINIBUS

286 166 535 212 intellegitur
553 179 628 204 nec
648 167 907 205 timiditatem
933 171 1209 216 ignaviamque
1234 172 1444 216 vituperari

287 239 361 263 nec
381 225 659 262 fortitudinem
678 228 993 273 patientiamque
1012 227 1164 265 laudari
1185 241 1254 265 suo
1274 231 1445 273 nomine,

287 284 357 321 sed
377 284 462 321 illas
482 287 576 321 reici
596 286 687 330 quia
714 284 890 322 dolorem
918 288 1085 331 pariant,
1106 286 1176 323 has
1203 290 1331 331 optari
1359 290 1449 333 quia

288 343 545 388 voluptatem.

343 400 449 438 XVI.
473 392 665 437 “Iustitia
679 406 815 447 restat,
825 407 870 438 ut
883 402 932 439 de
946 405 1208 440 omnivirtute
1218 405 1269 440 sit
1281 404 1430 440 dictum
1443 416 1451 447 ;

290 460 359 497 sed
380 460 520 496 similia
539 459 623 496 fere
644 460 722 496 dici
748 465 923 506 possunt.
985 461 1042 498 Ut
1069 464 1175 498 enim
1202 464 1448 508 sapientiam,

290 521 607 565 temperantiam,
621 518 899 556 fortitudinem
916 519 1116 565 copulatas
1132 533 1217 557 esse
1233 520 1348 557 docui
1361 534 1450 557 cum

290 577 494 623 voluptate
514 582 560 614 ut
579 578 628 613 ab
656 590 702 614 ea
728 577 838 613 nullo
864 578 982 614 modo
1008 591 1083 615 nec
1110 578 1246 616 divelli
1272 592 1346 615 nec
1375 579 1451 615 dis-

291 636 394 674 trahi
414 639 578 682 possint,
595 638 649 672 sic
666 635 715 672 de
731 638 882 673 iustitia
897 636 1151 673 iudicandum
1169 642 1242 682 est,
1258 650 1357 682 quae
1373 651 1452 673 non

291 695 408 732 modo
435 707 650 740 numquam
676 699 795 732 nocet
822 698 1017 741 cuiquam,
1039 696 1109 733 sed
1136 701 1273 733 contra
1299 709 1454 742 semper

289 748 402 785 addit
447 748 629 798 aliquid1
667 762 755 785 cum
804 761 872 785 sua
909 751 946 784 vi
992 754 1112 799 atque
1149 753 1302 794 natura,
1340 749 1443 798 quod

289 813 522 862 tranquillet
550 816 714 858 animos,
734 817 821 849 tum
849 825 919 862 spe
950 813 1047 849 nihil
1076 826 1210 850 earum
1230 826 1360 850 rerum
1381 813 1445 850 de-

289 870 467 906 futurum
487 882 582 914 quas
607 874 749 906 natura
767 883 848 907 non
873 871 1086 917 depravata
1106 873 1317 911 desideret.
1374 870 1450 911 Et²

289 927 623 973 quemadmodum
641 931 846 966 temeritas
867 934 908 966 et
927 930 1049 967 libido
1067 936 1106 967 et
1122 934 1276 976 ignavia
1292 945 1448 977 semper

289 989 463 1022 animum
491 989 718 1023 excruciant
745 992 786 1024 et
814 1001 970 1034 semper
998 989 1213 1027 sollicitant
1241 991 1446 1027 turbulen-

289 1051 433 1090 taeque
457 1049 562 1089 sunt,
589 1047 644 1081 sic
666 1046 896 1091 improbitas
919 1040 974 1083 si³
1000 1051 1109 1084 cuius
1135 1051 1175 1084 in
1198 1054 1334 1086 mente
1355 1062 1446 1086 con·

290 1103 406 1148 sedit,
435 1102 510 1139 hoc
538 1105 622 1149 ipso
652 1104 757 1149 quod
785 1104 899 1141 adest
927 1106 1158 1143 turbulenta
1186 1112 1266 1152 est3
1295 1111 1326 1144 si
1356 1121 1447 1144 vero

291 1162 427 1198 molita
454 1161 656 1207 quidpiam
683 1168 756 1208 est,
777 1166 954 1208 quamvis
979 1165 1134 1201 occulte
1161 1165 1314 1211 fecerit,
1334 1179 1444 1202 num-

291 1234 408 1266 quam
446 1225 582 1257 tamen
620 1220 661 1256 id
700 1221 872 1258 confidet
911 1222 993 1259 fore
1033 1236 1189 1269 semper
1236 1225 1445 1262 occultum.

294 1280 529 1324 Plerumque
562 1279 828 1324 improborum
861 1280 965 1317 facta
994 1284 1120 1327 primo
1151 1285 1318 1328 suspicio
1349 1286 1451 1320 inse-

290 1341 436 1384 quitur,
457 1336 551 1374 dein
577 1350 705 1374 sermo
731 1343 850 1383 atque
878 1338 993 1383 fama,
1014 1344 1100 1376 tum
1127 1346 1340 1386 accusator,
1366 1347 1450 1378 tum

290 1397 430 1441 iudex3
458 1395 575 1432 multi
596 1399 728 1441 etiam,
750 1402 794 1433 ut
819 1402 862 1433 te
889 1398 1063 1443 consule,
1084 1401 1157 1444 ipsi
1184 1412 1226 1436 se
1252 1400 1449 1437 indicave-

291 1460 393 1493 runt.
454 1454 572 1500 Quod
592 1458 624 1491 si
650 1458 717 1501 qui
744 1458 838 1492 satis
864 1456 937 1493 sibi
964 1462 1101 1494 contra
1126 1458 1330 1495 hominum
1357 1472 1448 1495 con-

290 1516 495 1551 scientiam
529 1517 656 1559 saepti
689 1526 774 1550 esse
808 1519 850 1551 et
883 1518 1026 1552 muniti
1056 1516 1255 1562 videntur,
1284 1517 1446 1554 deorum

289 1579 425 1609 tamen
462 1571 639 1617 horrent,
670 1585 814 1618 easque
853 1576 954 1618 ipsas
988 1573 1273 1612 sollicitudines
1307 1576 1448 1620 quibus

288 1644 423 1668 eorum
444 1632 564 1666 animi
583 1635 800 1676 noctesque
821 1631 984 1677 diesque
1012 1632 1237 1669 exeduntur
1256 1646 1277 1669 a
1298 1633 1356 1670 dis
1377 1636 1447 1670 im-

287 1689 517 1726 mortalibus
547 1688 714 1735 supplici
744 1702 860 1726 causa
889 1693 1092 1736 importari
1121 1696 1274 1736 putant.
1335 1691 1447 1737 Quae

286 1753 419 1784 autem
442 1752 553 1784 tanta
574 1760 622 1784 ex
650 1747 837 1793 improbis
865 1747 979 1785 factis
1006 1748 1055 1785 ad
1082 1749 1318 1786 minuendas
1343 1752 1447 1787 vitae

329 1823 341 1842 ¹
365 1822 461 1854 addit
483 1820 619 1862 aliquid
640 1820 803 1855 Martha:
829 1818 891 1850 alit
914 1818 1006 1860 quid,
1034 1818 1170 1859 aliquid
1191 1818 1311 1854 MSS:
1337 1819 1435 1850 Mdv.

287 1865 408 1898 marks
422 1865 562 1896 lacuna.

331 1908 345 1928 ²
367 1907 415 1939 Et
430 1905 589 1938 inserted
605 1905 654 1945 by
670 1904 879 1935 Lambinus.

331 1950 345 1970 ³
368 1948 569 1989 improbitas
586 1947 616 1978 si
636 1946 799 1987 supplied
821 1947 870 1986 by
891 1946 987 1976 Mdv.
1016 1945 1083 1988 (cp.
1105 1944 1347 1988 improborum,
1370 1945 1434 1977 im.

288 1992 398 2033 probe.
417 1989 592 2031 improbis,
609 1987 858 2032 improbitatem
876 1989 1016 2030 below).

390 2036 439 2073 54
