1574 2364
215 283 262 315 QS

603 133 798 171 CICERO
830 133 904 171 DE
935 135 1154 174 FINIBUS

294 215 392 252 velit
411 227 491 251 non
511 206 724 259 audiatur),
746 219 882 251 tamen
903 228 954 252 ne
975 216 1070 261 quid
1098 220 1462 262 praetermittamus

295 281 466 315 rationes
486 290 643 323 quoque
664 290 732 313 cur
751 277 825 313 hoc
845 280 899 313 ita
920 281 970 315 sit
990 279 1207 316 afferendas
1229 285 1334 325 puto.
1379 280 1462 316 Etsi

295 342 361 384 qui
389 343 523 384 potest
548 337 733 382 intellegi
759 343 828 374 aut
848 341 1011 383 cogitari
1033 352 1118 376 esse
1138 340 1295 385 aliquod
1317 340 1461 376 animal

296 401 400 448 quod
414 414 455 437 se
469 401 622 437 oderit?
646 401 721 437 Res
736 403 841 437 enim
856 407 1093 438 concurrent
1107 405 1335 439 contrariae.
1361 403 1461 438 Nam

296 478 384 501 011111
400 467 602 509 appetitus
618 464 685 500 ille
702 467 821 500 animi
837 464 984 509 aliquid
1000 465 1048 500 ad
1063 478 1103 501 se
1118 465 1275 501 trahere
1288 469 1463 510 coeperit

297 590 335 626 id
357 603 425 626 sua
445 603 560 626 causa
576 590 709 634 faciet,
723 594 764 625 et
785 589 914 626 oderit
931 603 971 626 se
993 595 1034 627 et
1055 591 1169 626 simul
1191 590 1344 635 diliget,
1359 591 1463 636 quod

297 654 379 689 fieri
410 666 489 689 non
519 658 661 698 potest.
723 653 976 698 Necesseque
1007 659 1068 690 est
1097 656 1128 689 si
1161 657 1246 698 quis
1280 657 1362 699 ipse
1392 654 1465 689 sibi

298 719 478 752 inimicus
499 721 560 752 est
581 728 672 752 eum
693 729 794 761 quae
815 716 917 752 bona
938 721 1031 752 sunt
1057 716 1159 752 mala
1187 721 1342 762 putare,
1363 717 1465 752 bona

298 787 435 818 eontra
455 795 555 827 quae
575 782 691 827 mala,
712 787 754 818 et
774 795 874 827 quae
892 782 1119 828 appetenda
1144 782 1282 827 fugere
1303 786 1345 819 et
1365 795 1464 827 quae

298 845 488 890 fugienda
505 850 694 891 appetere
711 858 720 889 3
750 858 850 890 quae
866 848 951 881 sine
968 845 1088 881 dubio
1104 848 1208 881 vitae
1225 850 1286 882 est
1302 848 1462 882 eversio.

300 909 440 954 Neque
462 912 581 953 enini,
603 912 633 944 si
654 908 835 944 nonnulli
852 911 1104 954 reperiuntur
1125 911 1190 953 qui
1213 913 1283 944 aut
1303 908 1464 954 laqueos

297 977 365 1008 aut
393 972 467 1007 3113
496 975 615 1008 exitia
643 976 847 1017 quaerant,
869 965 960 1008 aut¹
989 971 1055 1008 ille
1083 971 1189 1016 apud
1217 971 1465 1016 Terentium,

298 1038 364 1080 qui
398 1026 599 1071 ‘decrevit
631 1038 826 1080 tantisper
860 1047 901 1071 se
927 1037 1057 1070 minus
1082 1037 1247 1071 iniuriae
1275 1045 1344 1071 suo
1370 1039 1465 1071 nato

299 1098 429 1134 fac-ere
449 1090 513 1141 (ut
533 1101 589 1134 ait
609 1090 712 1143 ipse)
732 1098 826 1134 duni
848 1098 915 1134 fiat
934 1097 1077 1142 miser}
1095 1100 1276 1134 inimicus
1290 1100 1374 1143 ipse
1390 1098 1463 1133 sibi

299 1161 499 1207 putandus
521 1166 591 1197 est.
651 1160 730 1197 Sed
751 1161 816 1196 alii
837 1160 972 1196 dolore
988 1165 1210 1205 moventur,
1227 1160 1294 1196 alii
1315 1160 1465 1206 cupidi-

300 1231 412 1269 tate;
446 1224 648 1261 iracundia
678 1227 797 1261 etiam
828 1224 944 1260 multi
975 1224 1192 1260 efferuntur
1218 1229 1272 1268 et,
1304 1236 1394 1259 cum
1424 1227 1465 1260 in

299 1289 401 1325 mala
427 1291 597 1325 seientes
624 1291 792 1332 irruunt,
813 1292 898 1323 tum
927 1300 968 1323 se
998 1290 1148 1332 optime
1169 1287 1241 1323 sibi
1261 1287 1465 1324 consulere

299 1352 552 1388 arbitrantur.
614 1350 754 1395 Itaque
776 1349 915 1385 dicunt
936 1362 1010 1385 nec
1031 1349 1242 1385 dubitant:

355 1413 365 1429 ‘
382 1421 482 1458 Mihi
504 1424 557 1457 sic
578 1426 639 1458 est
659 1433 775 1464 usus;
805 1421 877 1457 tibi
898 1424 944 1456 ut
964 1433 1060 1465 opus
1082 1425 1143 1456 est
1163 1420 1280 1465 facto,
1302 1419 1413 1456 face.'

302 1494 380 1539 Qui
401 1496 473 1540 ipsi
495 1485 592 1530 sibi²
613 1492 762 1528 bellum
778 1491 1026 1536 indixissent,
1041 1494 1203 1527 cruciari
1220 1491 1316 1536 dies,
1333 1497 1470 1528 noctes

301 1559 477 1602 torqueri
497 1556 661 1600 vellent,
678 1568 753 1591 nec
768 1567 861 1591 vero
877 1567 962 1590 sese
979 1556 1052 1599 ipsi
1068 1559 1299 1590 accusarent
1315 1555 1365 1590 ob
1381 1567 1468 1591 eam

301 1633 457 1656 causam
477 1618 583 1665 quod
604 1632 644 1655 se
665 1618 767 1654 male
784 1620 862 1654 suis
878 1617 994 1653 rebus
1011 1619 1251 1653 consuluisse
1268 1617 1468 1661 dicerent;

302 1692 437 1720 eorum
460 1685 566 1718 enim
588 1686 649 1718 est
668 1681 767 1717 haec
788 1680 949 1726 querela
970 1683 1036 1725 qui
1061 1680 1133 1716 sibi
1155 1683 1232 1716 cari
1253 1685 1346 1716 sunt
1365 1692 1469 1716 sese-

302 1759 379 1792 que
400 1745 583 1790 diligunt.
645 1743 791 1790 Quare,
812 1746 1168 1789 quotienscumque
1190 1743 1346 1780 dicetur
1365 1742 1467 1779 male

348 1820 453 1851 ¹aul:
475 1824 541 1851 aut
556 1823 596 1850 ut
613 1819 730 1855 MSS‚;
754 1822 819 1850 aut
835 1817 900 1860 [ul]
919 1819 1015 1850 Mdv.

347 1864 448 1905 ’Qui
471 1864 540 1904 ipsi
561 1863 631 1893 sihi
653 1862 766 1898 MSS,
793 1862 889 1898 edd.;
915 1863 978 1903 qui
1000 1861 1071 1902 ipsi
1090 1861 1125 1892 si
1147 1861 1198 1898 E;
1222 1861 1287 1903 qui
1307 1861 1376 1892 sibi
1399 1860 1469 1902 ι’ῥςὶ

308 1908 366 1938 inf.
389 1907 462 1938 MS.
525 1906 684 1946 Perhaps
701 1906 776 1946 Qui
789 1906 824 1936 si
840 1906 909 1946 ipsi
922 1905 991 1935 sibi
1006 1905 1060 1935 ed.

345 1999 360 2018 ³
375 1995 533 2024 Terence
548 1976 960 2024 Heniutontimorumenos
976 1992 1066 2033 (The
1084 1991 1380 2030 Seis-tormentor)
1396 2000 1462 2031 147.

342 2035 360 2061 b
377 2038 479 2068 From
497 2038 555 2067 the
573 2047 671 2068 same
687 2038 782 2077 play,
802 2037 819 2066 l.
841 2036 893 2065 So.

409 2092 484 2123 4⁶22
