1615 2359
588 167 783 205 CICERO
815 166 889 203 DE
919 165 1139 204 FINIBUS

290 250 415 289 lorem
434 253 562 297 ipsum
583 253 674 296 quia
689 249 800 287 dolor
814 252 866 286 sit
881 254 1000 295 amet,
1017 253 1281 293 consectetur,
1297 247 1460 293 adipisci

292 314 401 360 velit,
411 314 480 351 sed
490 316 580 359 quia
588 325 886 358 nonnumquam
894 312 1086 349 eiusmodi
1094 316 1274 357 tempora
1281 310 1463 347 incidunt

292 382 338 414 ut
355 377 489 414 labore
511 381 552 413 et
572 375 707 412 dolore
722 388 907 421 magnam
921 375 1092 420 aliquam
1108 379 1270 420 quaerat
1285 373 1461 419 volupta-

294 447 386 477 tem.
452 439 506 477 Ut
544 441 651 475 enim
684 438 734 475 ad
767 440 930 474 minima
963 440 1131 483 veniam,
1165 439 1252 482 quis
1284 441 1462 473 nostrum

295 504 621 540 exercitationem
659 501 780 538 ullam
819 503 990 547 corporis
1023 502 1187 546 suscipit
1218 499 1464 543 laboriosam,

295 568 370 603 nisi
400 570 446 602 ut
476 564 624 610 aliquid
652 577 700 602 ex
728 577 774 601 ea
800 563 995 600 commodi
1022 562 1308 608 consequatur?
1365 561 1464 607 Quis

294 634 429 666 autem
449 628 512 665 vel
533 641 624 665 eum
644 630 727 664 iure
748 626 1052 673 reprehenderit
1065 628 1132 671 qui
1145 628 1185 662 in
1199 638 1245 662 ea
1260 624 1464 670 voluptate

296 692 392 730 velit
413 704 497 729 esse
518 704 635 737 quam
651 690 750 726 nihil
765 689 969 726 molestiae
987 693 1260 734 consequatur,
1277 687 1339 724 vel
1355 687 1466 723 illum

297 758 363 801 qui
383 755 560 792 dolorem
581 767 671 791 eum
692 753 819 798 fugiat
839 765 916 798 quo
937 751 1116 798 voluptas
1136 750 1244 788 nulla
1270 749 1467 797 pariatur?

247 823 265 854 Γ
298 818 353 854 At
374 831 464 855 vero
486 830 551 854 eos
573 821 614 854 et
640 828 866 852 accusamus
897 820 938 852 et
966 818 1070 852 iusto
1100 814 1188 851 odio
1218 814 1467 859 dignissimos

297 881 476 918 ducimus
492 882 559 926 qui
579 879 780 916 blanditiis
801 880 1069 924 praesentium
1090 877 1338 923 voluptatum
1359 875 1468 912 dele-

299 947 372 981 niti
402 949 521 989 atquc
554 945 727 988 corrupti
758 954 855 987 quos
886 941 1040 978 dolores
1072 945 1114 977 et
1145 953 1239 986 quas
1270 939 1469 976 molestias

300 1009 504 1052 excepturi
538 1008 618 1042 sint
651 1006 847 1041 occaecati
881 1003 1099 1049 cupiditate
1133 1016 1214 1039 non
1247 1001 1469 1048 provident,

300 1069 494 1115 similique
520 1070 672 1105 suntin
694 1067 808 1112 culpa
837 1069 904 1112 qui
933 1067 1056 1102 officia
1085 1065 1276 1102 deserunt
1303 1064 1469 1101 mollitia

300 1135 433 1178 animi,
459 1132 500 1168 id
531 1135 592 1168 est
619 1130 798 1167 laborum
825 1134 867 1166 et
892 1129 1072 1166 dolorum
1093 1128 1196 1173 fuga.
1257 1127 1310 1164 Et
1330 1126 1468 1164 harum

300 1196 462 1241 quidem
481 1207 613 1231 rerum
632 1193 757 1229 facilis
778 1197 839 1229 est
859 1197 900 1229 et
921 1192 1107 1238 expedita
1122 1192 1334 1228 distinctio.
1366 1190 1469 1226 Nam

300 1258 424 1295 libero
444 1262 637 1303 tempore,
659 1270 747 1292 cum
775 1255 902 1292 soluta
927 1255 1040 1291 nobis
1070 1259 1131 1291 est
1159 1253 1334 1299 eligendi
1363 1256 1471 1298 optio

302 1334 470 1365 cumque
495 1319 593 1355 nihil
625 1318 792 1364 impedit
819 1331 895 1363 quo
926 1320 1055 1354 minus
1089 1317 1130 1354 id
1163 1316 1268 1362 quod
1302 1318 1471 1352 maxime

303 1383 458 1429 placeat
484 1382 613 1419 facere
640 1394 844 1427 possimus,
869 1383 994 1417 omnis
1025 1379 1205 1425 voluptas
1236 1378 1471 1416 assumenda

304 1452 376 1491 est,
411 1448 538 1482 omnis
571 1445 682 1482 dolor
715 1444 980 1490 repellendus.
1039 1443 1299 1488 Temporibus
1337 1446 1471 1478 autem

302 1508 536 1554 quibusdam
557 1512 598 1544 et
618 1512 686 1544 aut
706 1507 838 1543 officiis
858 1507 1002 1543 debitis
1022 1510 1091 1542 aut
1109 1518 1240 1542 rerum
1260 1506 1471 1541 necessita-

302 1573 407 1608 tibus
427 1584 544 1616 saepe
566 1573 724 1608 eveniet
745 1575 790 1606 ut
810 1574 851 1606 et
871 1569 1094 1615 voluptates
1109 1567 1375 1614 repudiandae
1392 1570 1471 1603 sint

303 1639 345 1671 et
370 1634 575 1670 molestiae
596 1646 676 1669 non
696 1632 946 1669 recusandae.
1008 1631 1147 1677 Itaque
1177 1643 1311 1667 earum
1339 1642 1469 1666 reruni

301 1697 366 1733 hic
399 1701 562 1733 tenetur
594 1710 617 1732 a
651 1699 830 1741 sapiente
869 1694 1049 1731 delectus
1083 1699 1128 1731 ut
1160 1698 1230 1730 aut
1262 1692 1471 1730 reiciendis

301 1759 570 1805 voluptatibus
584 1761 749 1795 maiores
762 1758 855 1794 alias
869 1762 1131 1803 consequatur
1143 1761 1211 1792 aut
1226 1755 1471 1801 perferendis

302 1822 501 1859 doloribus
521 1823 737 1867 asperiores
758 1820 936 1866 repellat.

360 1874 513 1921 “Hanc
552 1897 627 1929 ego
666 1897 755 1920 cum
793 1889 954 1920 teneam
992 1884 1244 1926 sententiam,
1276 1880 1371 1926 quid
1409 1885 1471 1917 est

300 1956 368 1980 cur
401 1955 539 1979 verear
570 1953 622 1978 ne
655 1941 705 1977 ad
741 1954 827 1977 eam
868 1953 947 1977 non
990 1943 1134 1986 possim
1174 1938 1468 1975 accommodare

298 2002 516 2046 Torquatos
553 2000 733 2036 nostros?
776 2011 873 2044 quos
906 2003 951 2035 tu
984 1998 1101 2044 paulo
1134 2001 1227 2033 ante
1261 2009 1350 2033 cum
1383 2009 1465 2032 me-

298 2062 459 2096 moriter
496 2063 583 2095 tum
622 2060 742 2095 etiam
781 2070 875 2102 erga
912 2069 983 2093 nos
1021 2058 1144 2093 amice
1184 2060 1226 2093 et
1271 2053 1464 2092 benevole

405 2112 455 2151 36
