1574 2364
217 683 264 716 55

599 165 792 202 CICERO
824 165 897 202 DE
928 165 1145 204 FINIBUS

347 243 475 280 XVII.
499 234 624 279 “Non
640 246 761 289 igitur
776 243 826 280 de
842 244 1018 290 improbo
1034 244 1103 281 sed
1119 237 1191 281 del
1213 244 1353 282 callido
1376 247 1447 281 im-

294 299 415 344 probo
436 299 670 343 quaerimus,
686 299 810 343 qualis
826 297 873 343 Q.
898 298 1105 344 Pompeius
1125 301 1165 335 in
1186 298 1345 336 foedere
1367 299 1448 336 Nu-

293 355 471 389 mantino
491 351 696 388 infitiando
715 352 804 397 fuit,
823 365 898 389 nec
918 365 1010 389 vero
1030 355 1160 389 omnia
1183 355 1352 390 timente
1379 352 1448 390 sed

294 410 463 452 primum
497 408 563 451 qui
597 409 716 441 animi
750 409 1030 443 conscientiam
1062 420 1142 443 non
1175 413 1298 452 curet,
1332 420 1448 453 quam

295 461 445 497 scilicet
473 463 729 505 comprimere
760 460 858 496 nihil
891 466 951 497 est
976 464 1122 506 negoti.
1182 461 1220 498 Is
1249 464 1354 498 enim
1382 464 1448 507 qui

295 515 471 551 occultus
492 519 533 550 et
553 519 683 551 tectus
700 515 855 559 dicitur,
871 520 1027 551 tantum
1043 516 1155 552 abest
1169 520 1214 552 ut
1230 528 1270 552 se
1286 516 1448 561 indicet,

295 569 471 615 perficiet
498 572 617 605 etiam
644 574 689 605 ut
716 569 849 605 dolere
876 569 1038 606 alterius
1065 570 1241 615 improbe
1270 569 1374 607 facto
1394 572 1449 606 vi-

294 623 458 673 deatum
487 623 581 668 quid
602 628 661 659 est
681 626 786 659 enim
809 623 914 660 aliud
935 636 1019 660 esse
1036 625 1262 660 versutum?

352 670 372 684 ‘⁴
386 678 550 713 Memini
566 690 629 713 me
645 677 781 714 adesse
800 677 838 713 Ρ.
856 678 1019 714 Sextilio
1037 678 1137 714 Rufo
1153 691 1240 714 cum
1255 680 1287 715 is
1303 691 1385 715 rem
1400 678 1449 714 ad

296 734 439 768 amicos
459 734 514 768 ita
534 731 721 776 deferret,
737 744 777 768 se
799 745 882 768 esse
903 732 1092 768 heredem
1112 731 1159 778 Q.
1184 732 1304 769 Fadio
1324 733 1450 776 Gallo,

297 790 405 823 cuius
419 789 458 821 in
471 791 711 822 testamento
724 789 911 831 scriptum
925 791 1029 823 esset
1041 799 1081 823 se
1095 787 1144 823 ab
1157 799 1203 823 eo
1215 792 1394 832 rogatum
1408 792 1451 823 ut

298 843 423 877 omnis
448 840 645 876 hereditas
672 840 721 876 ad
749 840 866 876 filiam
893 843 1126 885 perveniret.
1188 841 1235 877 Id
1265 841 1452 878 Sextilius

298 895 446 931 factum
467 896 661 940 negabat3
690 899 846 940 poterat
865 900 998 931 autem
1019 898 1178 940 impune
1195 907 1203 938 ;
1233 898 1319 940 quis
1346 898 1452 932 enim

300 950 556 994 redargueret
571 950 584 984 ?
642 949 768 985 Nemo
783 954 960 985 nostrum
976 949 1176 994 credebat,
1192 955 1354 995 eratque
1370 952 1451 986 veri

301 1004 462 1041 similius
483 1006 586 1039 hunc
612 1005 785 1047 mentiri,
806 1006 913 1039 cuius
940 1006 1164 1048 interesset,
1184 1017 1300 1049 quam
1326 1004 1451 1049 illum,

301 1060 367 1103 qui
394 1057 434 1093 id
460 1069 501 1094 se
528 1069 683 1102 rogasse
709 1060 925 1102 scripsisset
950 1057 1055 1103 quod
1081 1057 1282 1094 debuisset
1300 1071 1446 1103 rogare.

302 1112 488 1149 Addebat
503 1114 622 1147 etiam
638 1124 679 1148 se
695 1114 733 1147 in
751 1111 881 1156 legem
896 1112 1108 1148 Voconiam
1127 1114 1295 1148 iuratum
1315 1117 1450 1149 contra

302 1180 389 1204 eam
409 1166 538 1202 facere
564 1178 643 1202 non
670 1165 826 1210 audere,
847 1169 920 1202 nisi
946 1166 1061 1202 aliter
1086 1169 1218 1203 amicis
1239 1166 1446 1204 videretur.

304 1221 523 1257 Aderamus
543 1233 612 1256 nos
639 1220 799 1265 quidem
824 1220 1110 1265 adulescentes,
1130 1221 1199 1257 sed
1228 1222 1342 1257 multi
1370 1234 1450 1257 am-

305 1276 465 1321 plissimi
486 1276 569 1318 viri,
590 1287 753 1319 quorum
773 1287 890 1310 nemo
910 1278 1063 1311 censuit
1082 1276 1168 1320 plus
1196 1275 1337 1312 Fadiae
1358 1276 1452 1312 dan-

305 1330 400 1366 dum
428 1342 544 1374 quam
573 1334 705 1374 posset
733 1329 782 1364 ad
811 1341 897 1365 eam
923 1329 1012 1373 lege
1040 1329 1211 1365 Voconia
1239 1333 1453 1375 pervenire.

306 1384 452 1420 Tenuit
483 1396 736 1428 permagnam
768 1383 953 1419 Sextilius
985 1383 1248 1420 hereditatem
1277 1384 1395 1428 unde,
1426 1386 1456 1420 si

306 1443 463 1475 secutus
483 1442 587 1474 esset
607 1450 740 1473 eorum
760 1440 998 1474 sententiam
1019 1441 1085 1482 qui
1106 1441 1271 1474 honesta
1290 1443 1332 1474 et
1351 1443 1458 1474 recta

307 1493 584 1530 emolumentis
611 1492 792 1527 omnibus
825 1497 868 1527 et
900 1492 1114 1528 commodis
1146 1497 1452 1542 anteponerent,

622 1552 635 1573 ²
650 1553 689 1585 de
705 1553 742 1583 in
757 1552 819 1584 inf.
837 1553 935 1584 MSS.
952 1554 1049 1595 only.

359 1630 375 1648 a
388 1623 616 1664 Presumably
633 1634 654 1654 a
671 1624 845 1654 reference
864 1629 898 1654 to
913 1624 971 1654 the
988 1629 1190 1666 customary
1206 1626 1290 1656 oath
1307 1630 1343 1657 to
1359 1630 1467 1657 maiu-

317 1668 390 1698 tain
408 1668 465 1697 the
482 1668 581 1702 laws,
600 1667 707 1697 taken
724 1677 768 1697 on
784 1667 970 1707 assuming
992 1677 1037 1698 an
1061 1667 1160 1698 office
1183 1668 1222 1698 of
1241 1672 1344 1700 state.
1392 1669 1467 1700 The

317 1709 498 1741 Voconian
515 1711 583 1740 law
600 1709 796 1749 prohibited
813 1719 834 1740 a
851 1719 986 1740 woman
1012 1710 1097 1741 from
1122 1710 1229 1750 being
1252 1711 1313 1742 left
1335 1712 1410 1743 heir
1431 1717 1468 1744 to

316 1763 361 1784 an
379 1756 503 1783 estate.
553 1752 584 1782 It
600 1762 675 1782 was
691 1752 826 1782 evaded
843 1752 888 1792 by
905 1752 1146 1793 bequeathing
1168 1754 1226 1783 the
1249 1758 1364 1785 estate
1387 1759 1423 1785 to
1446 1765 1468 1785 a

316 1795 429 1826 friend
451 1795 530 1825 who
556 1794 627 1825 had
653 1795 830 1835 promised
857 1799 893 1825 to
920 1795 1016 1826 hand
1042 1795 1067 1825 it
1094 1805 1138 1826 on
1163 1800 1199 1826 to
1222 1796 1280 1827 the
1304 1797 1468 1829 intended

316 1839 459 1870 heiress.

357 1880 459 1911 bThe
476 1879 654 1910 Voconian
672 1880 740 1909 law
755 1889 910 1920 appears
932 1883 968 1911 to
992 1880 1081 1911 have
1104 1880 1253 1911 allowed
1275 1891 1298 1911 a
1321 1880 1467 1922 bequest

314 1928 350 1955 to
373 1934 395 1954 a
412 1932 562 1958 woman,
582 1922 750 1962 provided
775 1923 799 1951 it
824 1922 882 1952 did
906 1927 966 1953 not
989 1923 1119 1954 exceed
1142 1924 1200 1954 the
1223 1928 1366 1954 amount
1389 1925 1466 1955 that

313 1966 442 2008 passed
461 1970 496 1995 to
514 1965 572 1995 the
591 1968 598 1980 ⁴
611 1964 730 1994 heres'
746 1974 883 2005 proper.
927 1965 1047 1996 Either
1062 1966 1147 1996 such
1160 1975 1181 1996 a
1195 1966 1307 1997 minor
1318 1966 1464 2007 bequest

312 2009 381 2041 had
399 2009 485 2081 beehn
503 2006 605 2038 made
621 2010 657 2038 to
675 2006 798 2044 Fadia,
811 2017 851 2038 or
866 2007 935 2039 this
951 2011 1116 2040 sentence
1129 2019 1251 2040 means
1265 2009 1325 2040 she
1339 2019 1413 2040 was
1427 2014 1463 2042 to

310 2057 373 2094 get
390 2056 449 2083 not
477 2061 549 2091 ing.

418 2104 492 2137 142
