1574 2364
271 555 319 588 48

265 1520 315 1559 49

657 136 852 174 CICERO
884 137 958 173 DE
989 137 1208 175 FINIBUS

351 223 544 263 petemus.
605 216 804 261 Quoniam
849 219 955 253 enim
1003 221 1145 253 natura
1200 220 1278 254 suis
1335 217 1516 255 omnibus

351 283 501 329 expleri
532 283 709 329 partibus
738 282 835 328 vult,
862 282 969 319 hunc
995 288 1143 320 statum
1171 286 1342 329 corporis
1375 296 1446 329 per
1474 296 1516 320 se

350 353 478 396 ipsum
509 352 663 395 expetit
688 351 755 394 qui
782 354 843 386 est
870 352 1041 386 maxime
1071 363 1093 386 e
1120 355 1273 395 natura,
1305 363 1405 396 quae
1431 354 1517 387 tota

350 417 604 462 perturbatur
625 419 655 452 si
677 421 745 452 aut
775 429 940 461 aegrum
967 430 1106 463 corpus
1136 422 1197 454 est
1223 422 1293 453 aut
1317 417 1427 454 dolet
1448 422 1516 454 aut

350 488 457 520 caret
477 483 633 519 viribus.

404 550 556 587 XVIII.
587 541 834 587 “Videamus
855 553 975 586 animi
997 555 1141 596 partes,
1158 564 1323 596 quarum
1344 557 1405 588 est
1425 565 1515 588 con-

350 623 509 664 spectus
530 616 736 660 illustrior3
757 630 857 662 quac
879 631 956 662 quo
976 622 1068 654 sunt
1089 618 1336 663 excelsiores,
1353 632 1400 655 eo
1420 618 1518 655 dant

350 685 511 721 clariora
533 683 677 720 indicia
697 689 872 720 naturae.
905 683 1055 720 Tantus
1076 689 1137 721 est
1158 687 1279 730 igitur
1298 688 1457 722 innatus
1476 689 1517 721 in

350 752 462 788 nobis
483 753 719 796 cognitionis
739 763 848 786 amor
868 755 909 786 et·
929 753 1118 788 scientiae
1140 756 1183 788 ut
1204 764 1320 788 nemo
1336 752 1517 789 dubitare

350 817 474 860 possit
497 816 593 859 quin
617 813 666 850 ad
687 826 752 850 eas
773 827 834 850 res
855 813 1059 850 hominum
1079 819 1220 851 natura
1239 815 1348 851 nullo
1369 815 1517 852 emolu—

348 882 486 914 mento
499 879 664 913 invitata
685 880 867 922 rapiatur.
902 877 1143 914 Videmusne
1165 882 1210 914 ut
1230 881 1341 923 pueri
1361 891 1411 915 ne
1431 892 1516 915 ver-

349 945 508 981 beribus
528 943 688 989 quidem
709 957 731 979 a
752 943 1068 989 contemplandis
1088 944 1204 980 rebus
1225 945 1516 990 perquirendis—

348 1025 424 1056 que
441 1010 743 1047 deterreantur?
766 1015 810 1046 ut
826 1009 928 1055 pulsi
943 1011 1172 1046 recurrant?
1194 1015 1238 1047 ut
1253 1010 1402 1056 aliquid
1417 1015 1514 1049 scire

348 1088 389 1111 se
409 1073 634 1118 gaudeant?
666 1077 711 1108 ut
732 1072 771 1108 id
791 1072 876 1108 aliis
896 1085 1053 1109 narrare
1074 1074 1273 1117 gestiant?
1294 1079 1339 1110 ut
1358 1087 1514 1120 pompa,

346 1137 450 1173 ludis
465 1142 586 1181 atque
603 1135 795 1172 eiusmodi
810 1135 1044 1181 spectaculis
1058 1141 1272 1172 teneantur
1285 1137 1335 1173 ob
1348 1150 1513 1183 eamque

348 1214 432 1237 rem
461 1199 523 1236 vel
554 1199 700 1235 famem
730 1203 772 1235 et
798 1201 904 1235 sitim
925 1198 1153 1244 perferant?
1184 1198 1291 1245 Quid
1311 1201 1427 1236 vero?
1448 1203 1514 1246 qui

347 1265 531 1308 ingenuis
571 1262 710 1298 studiis
749 1267 869 1307 atque
908 1262 1058 1298 artibus
1088 1262 1353 1307 delectantur,
1383 1276 1515 1300 nonne

347 1326 525 1363 videmus
546 1338 612 1361 eos
633 1338 706 1361 nec
723 1324 961 1361 valetudinis
981 1338 1055 1361 nec
1076 1327 1133 1361 rei
1152 1325 1352 1362 familiaris
1367 1325 1513 1363 habere

348 1392 541 1426 rationem
558 1390 766 1432 omniaque
783 1390 937 1433 perpeti
953 1390 1035 1433 ipsa
1049 1391 1275 1432 cognitione
1292 1394 1333 1425 et
1348 1391 1513 1426 scientia

346 1457 480 1497 captos
502 1455 543 1487 et
565 1463 653 1486 cum
674 1453 853 1486 maximis
869 1453 970 1486 curis
987 1455 1028 1486 et
1044 1450 1241 1487 laboribus
1258 1464 1511 1496 compensare

347 1529 433 1552 eam
464 1527 581 1559 quam
614 1527 662 1549 ex
694 1513 883 1549 discendo
915 1516 1073 1558 capiant
1105 1513 1375 1559 voluptatem?
1410 1514 1511 1551 Mihi

345 1578 505 1624 quidem
529 1577 726 1613 Homerus
748 1576 971 1613 huiusmodi
992 1576 1181 1621 quiddam
1196 1577 1338 1613 vidisse
1355 1577 1511 1614 videtur

343 1648 385 1681 in
415 1646 461 1680 iis
492 1655 592 1688 quae
622 1642 672 1678 de
703 1642 886 1679 Sirenum
916 1642 1096 1678 cantibus
1126 1635 1313 1679 finxerit.1
1368 1643 1510 1688 Neque

344 1710 450 1745 enim
470 1719 609 1742 vocum
631 1708 824 1742 suavitate
846 1705 1032 1741 videntur
1051 1710 1120 1742 aut
1142 1708 1320 1742 novitate
1341 1706 1508 1751 quadam

342 1776 384 1808 et
410 1772 601 1806 varietate
630 1768 818 1804 cantandi
850 1780 1034 1804 revocare
1063 1781 1128 1805 eos
1149 1768 1288 1804 solitae
1309 1771 1376 1813 qui
1396 1782 1507 1814 prae-

342 1832 666 1876 ter-vehebantur,
683 1830 754 1867 sed
775 1833 865 1876 quia
884 1830 1010 1867 multa
1031 1844 1072 1867 se
1093 1834 1191 1867 scire
1208 1831 1507 1877 profitebantur,

341 1902 387 1934 ut
414 1896 595 1932 homines
622 1893 673 1930 ad
700 1907 834 1930 earum
862 1906 952 1930 saxa
980 1894 1158 1930 discendi
1191 1893 1409 1939 cupiditate
1440 1894 1507 1931 ad-

375 1984 544 2027 ¹finxerit
559 1982 617 2014 inf.
636 1981 755 2019 MSS.;
779 1981 900 2013 others
921 1981 1034 2021 finxit
1048 1983 1216 2023 (perhaps
1232 1982 1364 2024 rightly
1379 1982 1506 2021 Mdv.);

341 2028 516 2069 finxerint
532 2027 570 2064 13,
590 2026 630 2057 E.

449 2082 525 2113 448
