1574 2364
191 394 240 426 30

194 1468 231 1502 81

581 119 776 156 CICERO
807 119 881 156 DE
912 120 1131 159 FINIBUS

271 203 357 246 quis
377 200 427 237 de
448 213 489 237 se
509 202 653 237 mereri
673 200 825 246 sibique
846 203 1027 237 inimicus
1048 214 1133 239 esse
1153 206 1273 248 atque
1300 202 1436 249 hostis,

270 268 391 300 vitam
412 263 585 309 denique
613 263 766 308 fugere,
787 263 1049 309 intellegatur
1076 264 1248 310 aliquam
1277 266 1436 303 subesse

272 327 464 364 eiusmodi
492 339 647 363 causam
674 331 720 363 ut
747 340 794 364 ex
824 340 871 364 eo
898 330 983 373 ipso
1011 328 1193 373 intellegi
1222 331 1345 374 possit
1364 329 1435 366 sibi

271 403 469 436 quemque
490 402 575 427 esse
597 403 739 426 carum.
800 390 886 427 Nec
907 403 999 427 vero
1026 391 1067 427 id
1095 394 1189 428 satis
1218 396 1291 437 est,
1312 394 1437 429 nemi—

270 466 364 490 nem
384 466 469 490 esse
490 455 557 499 qui
576 455 661 499 ipse
681 465 723 490 se
739 453 881 498 oderit,
898 453 968 490 sed
989 453 1087 490 illud
1104 467 1261 500 quoque
1281 455 1437 492 intelle-

270 516 449 562 gendum
470 521 543 561 est,
564 519 767 553 neminem
795 529 879 553 esse
908 519 974 562 qui
1003 517 1201 562 quomodo
1227 530 1270 555 se
1293 517 1439 554 habeat

271 579 371 616 nihil
391 593 460 616 sua
480 584 641 617 censeat
661 582 865 617 interesse.
911 579 1092 616 Tolletur
1113 583 1219 617 enim
1238 584 1439 626 appetitus

271 646 392 680 animi
426 645 470 689 si,
498 648 543 680 ut
577 646 617 679 in
652 646 698 680 iis
729 643 846 680 rebus
877 646 984 680 inter
1015 656 1110 689 quas
1142 643 1240 680 nihil
1273 646 1441 681 interest

272 711 455 743 neutram
494 708 535 742 in
574 711 728 752 partem
766 709 1041 752 propensiores
1079 719 1226 752 sumus,
1264 709 1362 744 item
1400 710 1440 743 in

275 770 474 806 nobismet
511 772 604 815 ipsis
642 768 977 815 quemadmodum
1015 768 1146 806 affecti
1184 773 1304 807 simus
1342 769 1441 806 nihil

271 838 405 869 nostra
425 833 702 869 arbitrabimur
722 835 925 870 interesse.

327 896 397 932 XI.
432 887 605 942 “Atque
626 898 747 933 etiam
768 895 867 933 illud
888 899 919 933 si
940 899 1006 942 qui
1022 896 1154 934 dicere
1175 896 1284 942 velit,
1301 897 1439 943 perab-

273 959 434 996 surdum
473 962 536 1004 sit,
571 962 627 996 ita
658 959 770 1004 diligi
802 973 824 995 a
858 972 943 996 sese
983 973 1181 1005 quemque
1215 965 1261 997 ut
1300 973 1346 997 ea
1384 963 1440 997 vis

271 1022 465 1067 diligendi
473 1022 522 1059 ad
535 1022 651 1058 aliam
660 1035 744 1059 rem
753 1025 977 1068 quampiam
986 1022 1192 1068 referatur,
1203 1036 1282 1059 non
1291 1023 1341 1059 ad
1351 1036 1439 1060 eum

272 1088 401 1131 ipsum
423 1088 490 1131 qui
510 1098 596 1123 sese
619 1085 770 1131 diligat.
832 1086 923 1122 Hoc
950 1099 1040 1122 cum
1067 1089 1108 1122 in
1135 1088 1331 1132 amicitiis,
1351 1099 1439 1123 cum

271 1152 312 1186 in
333 1149 478 1194 officiis,
496 1162 584 1185 cum
605 1151 646 1185 in
666 1149 879 1186 virtutibus
900 1149 1057 1195 dicitur,
1072 1148 1439 1195 quomodocumque

273 1211 431 1257 dicitur,
470 1211 653 1257 intellegi
692 1217 828 1249 tamen
868 1212 964 1258 quid
1002 1212 1157 1249 dicatur
1194 1217 1352 1258 potest3
1398 1215 1437 1248 in

273 1276 473 1312 nobismet
519 1278 612 1321 ipsis
660 1280 795 1312 autem
834 1267 911 1312 nel
948 1276 1131 1322 intellegi
1171 1275 1333 1322 quidem
1369 1267 1439 1312 ut1

272 1343 434 1385 propter
460 1338 576 1375 aliam
604 1341 827 1384 quampiam
854 1351 952 1384 rem,
984 1339 1093 1375 verbi
1124 1342 1251 1384 gratia
1278 1343 1440 1385 propter

271 1401 531 1448 voluptatem,
562 1414 632 1439 nos
658 1414 860 1446 amemus3
889 1406 1052 1448 propter
1081 1415 1152 1439 nos
1181 1404 1288 1439 enim
1317 1401 1438 1447 illam,

271 1478 351 1502 non
381 1470 545 1511 propter
576 1478 663 1502 eam
695 1470 853 1502 nosmet
883 1468 987 1511 ipsos
1018 1464 1229 1510 diligimus.
1290 1464 1438 1511 Quam-

271 1541 389 1574 quam
409 1528 504 1574 quid
525 1533 585 1565 est
606 1528 711 1574 quod
727 1531 851 1573 magis
866 1531 1118 1574 perspicuum
1134 1531 1186 1565 sit
1200 1520 1342 1574 quam1
1358 1541 1438 1564 non

270 1591 388 1628 modo
408 1605 540 1628 carum
561 1592 634 1628 sibi
655 1604 865 1637 quemque,
884 1604 1019 1628 verum
1041 1594 1161 1628 etiam
1177 1591 1438 1628 vehementer

271 1668 403 1691 carum
431 1656 545 1692 esse?
575 1657 662 1700 quis
689 1659 751 1692 est
778 1657 885 1692 enim
912 1659 982 1692 aut
1007 1659 1150 1701 quotus
1177 1657 1342 1700 quisque
1375 1657 1436 1690 cui

268 1731 371 1755 mors
393 1731 482 1756 cum
502 1721 794 1764 appropinquet
812 1730 893 1754 non

297 1772 489 1827 ‘refugiat
507 1780 648 1819 timido
667 1794 845 1826 sanguen
866 1786 986 1826 atque
1008 1781 1233 1818 exalbescat
1252 1780 1408 1818 metu'?

269 1844 355 1881 Etsi
382 1844 457 1881 hoe
484 1843 645 1890 quidem
673 1849 734 1881 est
754 1847 794 1881 in
815 1846 924 1888 vitio,
945 1844 1245 1881 dissolutionem
1270 1849 1434 1881 naturae

538 1912 546 1930 ¹
561 1923 615 1949 ne,
633 1915 684 1947 ut.
702 1922 807 1953 quam
825 1912 980 1942 inserted
997 1911 1043 1952 by
1059 1912 1140 1945 edd.

312 1981 445 2011 aFrom
469 1981 529 2011 the
557 1990 655 2011 same
683 1989 843 2021 passage
869 1979 909 2011 of
936 1980 1101 2012 Ennius's
1128 1980 1314 2011 Alcmaeon
1342 1990 1383 2011 as
1405 1980 1434 2013 is

269 2024 403 2065 quoted
419 2028 456 2054 at
475 2023 534 2061 IV,
554 2024 606 2054 62.
803 2022 807 2023 ⁷

377 2079 454 2111 4⁶24
