<?xml version="1.0" encoding="UTF-8"?>
<!DOCTYPE html PUBLIC "-//W3C//DTD XHTML 1.0 Transitional//EN"
    "http://www.w3.org/TR/xhtml1/DTD/xhtml1-transitional.dtd">
<html xmlns="http://www.w3.org/1999/xhtml" xml:lang="en" lang="en">
 <head>
  <title>
</title>
<meta http-equiv="Content-Type" content="text/html;charset=utf-8" />
  <meta name='ocr-system' content='tesseract 3.04.00' />
  <meta name='ocr-capabilities' content='ocr_page ocr_carea ocr_par ocr_line ocrx_word'/>
</head>
<body>
  <div class='ocr_page' id='page_1' title='image "./definibusbonorum00cice_0136.png"; bbox 0 0 1574 2364; ppageno 0'>
   <div class='ocr_carea' id='block_1_1' title="bbox 197 1310 246 1342">
    <p class='ocr_par' dir='ltr' id='par_1_1' title="bbox 197 1310 246 1342">
     <span class='ocr_line' id='line_1_1' title="bbox 197 1310 219 1342; textangle 90"><span class='ocrx_word' id='word_1_1' title='bbox 197 1310 219 1342; x_wconf 69' lang='grc' dir='ltr'>ὶξ)</span> 
     </span>
     <span class='ocr_line' id='line_1_2' title="bbox 227 1310 246 1341; textangle 90"><span class='ocrx_word' id='word_1_2' title='bbox 227 1310 246 1341; x_wconf 71' lang='lat'>10</span> 
     </span>
    </p>
   </div>
   <div class='ocr_carea' id='block_1_2' title="bbox 570 144 1118 183">
    <p class='ocr_par' dir='ltr' id='par_1_2' title="bbox 570 144 1118 183">
     <span class='ocr_line' id='line_1_3' title="bbox 570 144 1118 183; baseline 0.005 -3"><span class='ocrx_word' id='word_1_3' title='bbox 570 144 765 181; x_wconf 85' lang='lat' dir='ltr'>CICERO</span> <span class='ocrx_word' id='word_1_4' title='bbox 797 144 869 181; x_wconf 91' lang='lat' dir='ltr'>DE</span> <span class='ocrx_word' id='word_1_5' title='bbox 900 145 1118 183; x_wconf 84' lang='lat' dir='ltr'>FINIBUS</span> 
     </span>
    </p>
   </div>
   <div class='ocr_carea' id='block_1_3' title="bbox 263 223 1436 1675">
    <p class='ocr_par' dir='ltr' id='par_1_3' title="bbox 263 223 1422 442">
     <span class='ocr_line' id='line_1_4' title="bbox 265 223 1420 270; baseline 0.003 -11"><span class='ocrx_word' id='word_1_6' title='bbox 265 228 398 260; x_wconf 86' lang='lat' dir='ltr'>essent</span> <span class='ocrx_word' id='word_1_7' title='bbox 423 223 520 260; x_wconf 88' lang='lat' dir='ltr'>fines</span> <span class='ocrx_word' id='word_1_8' title='bbox 547 223 821 268; x_wconf 72' lang='lat' dir='ltr'>cupiditatum,</span> <span class='ocrx_word' id='word_1_9' title='bbox 848 223 948 260; x_wconf 85' lang='lat' dir='ltr'>nihil</span> <span class='ocrx_word' id='word_1_10' title='bbox 971 224 1205 261; x_wconf 79' lang='lat' dir='ltr'>haberemus</span> <span class='ocrx_word' id='word_1_11' title='bbox 1229 225 1333 270; x_wconf 85' lang='lat' dir='ltr'>quod</span> <span class='ocrx_word' id='word_1_12' title='bbox 1360 238 1420 262; x_wconf 90' lang='lat' dir='ltr'>re-</span> 
     </span>
     <span class='ocr_line' id='line_1_5' title="bbox 265 274 1421 329; baseline 0.002 -12"><span class='ocrx_word' id='word_1_13' title='bbox 265 274 628 326; x_wconf 87' lang='lat' dir='ltr'>prehenderemus,l</span> <span class='ocrx_word' id='word_1_14' title='bbox 646 294 735 318; x_wconf 89' lang='lat' dir='ltr'>cum</span> <span class='ocrx_word' id='word_1_15' title='bbox 751 282 924 327; x_wconf 90' lang='lat' dir='ltr'>undique</span> <span class='ocrx_word' id='word_1_16' title='bbox 940 283 1231 328; x_wconf 76' lang='lat' dir='ltr'>complerentur</span> <span class='ocrx_word' id='word_1_17' title='bbox 1245 284 1421 329; x_wconf 82' lang='lat' dir='ltr'>volupta-</span> 
     </span>
     <span class='ocr_line' id='line_1_6' title="bbox 264 339 1422 386; baseline 0.003 -11"><span class='ocrx_word' id='word_1_18' title='bbox 264 340 369 376; x_wconf 82' lang='lat' dir='ltr'>tibus</span> <span class='ocrx_word' id='word_1_19' title='bbox 395 352 469 375; x_wconf 91' lang='lat' dir='ltr'>nec</span> <span class='ocrx_word' id='word_1_20' title='bbox 495 339 690 375; x_wconf 80' lang='lat' dir='ltr'>haberent</span> <span class='ocrx_word' id='word_1_21' title='bbox 715 339 794 375; x_wconf 92' lang='lat' dir='ltr'>ulla</span> <span class='ocrx_word' id='word_1_22' title='bbox 819 352 867 376; x_wconf 89' lang='lat' dir='ltr'>ex</span> <span class='ocrx_word' id='word_1_23' title='bbox 890 345 1001 385; x_wconf 88' lang='lat' dir='ltr'>parte</span> <span class='ocrx_word' id='word_1_24' title='bbox 1025 341 1173 386; x_wconf 84' lang='lat' dir='ltr'>aliquid</span> <span class='ocrx_word' id='word_1_25' title='bbox 1196 346 1264 377; x_wconf 87' lang='lat' dir='ltr'>aut</span> <span class='ocrx_word' id='word_1_26' title='bbox 1284 341 1422 378; x_wconf 89' lang='lat' dir='ltr'>dolens</span> 
     </span>
     <span class='ocr_line' id='line_1_7' title="bbox 263 397 1042 442; baseline 0 -9"><span class='ocrx_word' id='word_1_27' title='bbox 263 402 333 434; x_wconf 87' lang='lat' dir='ltr'>aut</span> <span class='ocrx_word' id='word_1_28' title='bbox 351 410 525 442; x_wconf 84' lang='lat' dir='ltr'>aegrum,</span> <span class='ocrx_word' id='word_1_29' title='bbox 546 397 586 434; x_wconf 91' lang='lat' dir='ltr'>id</span> <span class='ocrx_word' id='word_1_30' title='bbox 607 402 667 434; x_wconf 88' lang='lat' dir='ltr'>est</span> <span class='ocrx_word' id='word_1_31' title='bbox 685 402 818 433; x_wconf 88' lang='lat' dir='ltr'>autem</span> <span class='ocrx_word' id='word_1_32' title='bbox 838 398 1008 434; x_wconf 84' lang='lat' dir='ltr'>inalun1.&#39;</span> <span class='ocrx_word' id='word_1_33' title='bbox 1021 399 1042 411; x_wconf 89' lang='lat'>’&#39;</span> 
     </span>
    </p>

    <p class='ocr_par' dir='ltr' id='par_1_4' title="bbox 265 446 1436 1675">
     <span class='ocr_line' id='line_1_8' title="bbox 321 446 1421 501; baseline 0.002 -10"><span class='ocrx_word' id='word_1_34' title='bbox 321 456 410 492; x_wconf 92' lang='lat' dir='ltr'>Hoc</span> <span class='ocrx_word' id='word_1_35' title='bbox 424 456 507 491; x_wconf 91' lang='lat' dir='ltr'>loco</span> <span class='ocrx_word' id='word_1_36' title='bbox 520 460 658 492; x_wconf 88' lang='lat' dir='ltr'>tenere</span> <span class='ocrx_word' id='word_1_37' title='bbox 672 468 713 492; x_wconf 89' lang='lat' dir='ltr'>se</span> <span class='ocrx_word' id='word_1_38' title='bbox 726 455 895 492; x_wconf 83' lang='lat' dir='ltr'>Triarius</span> <span class='ocrx_word' id='word_1_39' title='bbox 909 468 988 491; x_wconf 92' lang='lat' dir='ltr'>non</span> <span class='ocrx_word' id='word_1_40' title='bbox 1001 459 1140 500; x_wconf 90' lang='lat' dir='ltr'>potuit.</span> <span class='ocrx_word' id='word_1_41' title='bbox 1172 446 1421 501; x_wconf 75' lang='lat' dir='ltr'>“Obsecro,’&#39;</span> 
     </span>
     <span class='ocr_line' id='line_1_9' title="bbox 265 504 1422 559; baseline 0.001 -10"><span class='ocrx_word' id='word_1_42' title='bbox 265 516 407 558; x_wconf 88' lang='lat' dir='ltr'>inquit,</span> <span class='ocrx_word' id='word_1_43' title='bbox 423 504 447 520; x_wconf 80' lang='grc'><strong>“</strong></span> <span class='ocrx_word' id='word_1_44' title='bbox 461 513 670 558; x_wconf 80' lang='lat' dir='ltr'>Torquate,</span> <span class='ocrx_word' id='word_1_45' title='bbox 687 513 785 549; x_wconf 89' lang='lat' dir='ltr'>haec</span> <span class='ocrx_word' id='word_1_46' title='bbox 805 513 901 549; x_wconf 88' lang='lat' dir='ltr'>dicit</span> <span class='ocrx_word' id='word_1_47' title='bbox 918 513 1164 558; x_wconf 87' lang='lat' dir='ltr'>Epicurus?”</span> <span class='ocrx_word' id='word_1_48' title='bbox 1187 505 1310 559; x_wconf 88' lang='lat' dir='ltr'>(quod</span> <span class='ocrx_word' id='word_1_49' title='bbox 1325 514 1422 550; x_wconf 82' lang='lat' dir='ltr'>mihi</span> 
     </span>
     <span class='ocr_line' id='line_1_10' title="bbox 266 571 1422 617; baseline 0.002 -10"><span class='ocrx_word' id='word_1_50' title='bbox 266 571 427 616; x_wconf 90' lang='lat' dir='ltr'>quidem</span> <span class='ocrx_word' id='word_1_51' title='bbox 442 574 544 608; x_wconf 85' lang='lat' dir='ltr'>visus</span> <span class='ocrx_word' id='word_1_52' title='bbox 561 577 633 617; x_wconf 87' lang='lat' dir='ltr'>est,</span> <span class='ocrx_word' id='word_1_53' title='bbox 647 585 735 607; x_wconf 89' lang='lat' dir='ltr'>cum</span> <span class='ocrx_word' id='word_1_54' title='bbox 752 574 882 616; x_wconf 87' lang='lat' dir='ltr'>sciret,</span> <span class='ocrx_word' id='word_1_55' title='bbox 895 571 997 608; x_wconf 90' lang='lat' dir='ltr'>velle</span> <span class='ocrx_word' id='word_1_56' title='bbox 1014 577 1149 608; x_wconf 85' lang='lat' dir='ltr'>tamen</span> <span class='ocrx_word' id='word_1_57' title='bbox 1165 572 1422 609; x_wconf 87' lang='lat' dir='ltr'>confitentem</span> 
     </span>
     <span class='ocr_line' id='line_1_11' title="bbox 267 622 1424 676; baseline 0.002 -11"><span class='ocrx_word' id='word_1_58' title='bbox 267 629 402 666; x_wconf 85' lang='lat' dir='ltr'>audire</span> <span class='ocrx_word' id='word_1_59' title='bbox 422 622 692 674; x_wconf 80' lang='lat' dir='ltr'>Torquatum).</span> <span class='ocrx_word' id='word_1_60' title='bbox 752 630 807 666; x_wconf 76' lang='lat' dir='ltr'>At</span> <span class='ocrx_word' id='word_1_61' title='bbox 828 629 895 666; x_wconf 89' lang='lat' dir='ltr'>ille</span> <span class='ocrx_word' id='word_1_62' title='bbox 918 642 999 666; x_wconf 89' lang='lat' dir='ltr'>non</span> <span class='ocrx_word' id='word_1_63' title='bbox 1022 633 1228 675; x_wconf 86' lang='lat' dir='ltr'>pertimuit</span> <span class='ocrx_word' id='word_1_64' title='bbox 1251 643 1424 676; x_wconf 75' lang='lat' dir='ltr'>saneque</span> 
     </span>
     <span class='ocr_line' id='line_1_12' title="bbox 267 680 1424 734; baseline 0.002 -10"><span class='ocrx_word' id='word_1_65' title='bbox 267 688 455 725; x_wconf 84' lang='lat' dir='ltr'>fidenter:</span> <span class='ocrx_word' id='word_1_66' title='bbox 485 680 508 695; x_wconf 71' lang='lat'>‘⁴</span> <span class='ocrx_word' id='word_1_67' title='bbox 525 688 615 724; x_wconf 80' lang='lat' dir='ltr'>Istis</span> <span class='ocrx_word' id='word_1_68' title='bbox 642 688 803 733; x_wconf 89' lang='lat' dir='ltr'>quidem</span> <span class='ocrx_word' id='word_1_69' title='bbox 828 690 921 734; x_wconf 87' lang='lat' dir='ltr'>ipsis</span> <span class='ocrx_word' id='word_1_70' title='bbox 947 689 1113 733; x_wconf 80' lang='lat' dir='ltr'>verbis,’&#39;</span> <span class='ocrx_word' id='word_1_71' title='bbox 1135 691 1288 734; x_wconf 81' lang='lat' dir='ltr'>inquit3</span> <span class='ocrx_word' id='word_1_72' title='bbox 1317 680 1342 696; x_wconf 78' lang='lat'><em>“</em></span> <span class='ocrx_word' id='word_1_73' title='bbox 1355 689 1424 726; x_wconf 90' lang='lat' dir='ltr'>sed</span> 
     </span>
     <span class='ocr_line' id='line_1_13' title="bbox 268 737 1424 793; baseline 0 -10"><span class='ocrx_word' id='word_1_74' title='bbox 268 746 363 791; x_wconf 91' lang='lat' dir='ltr'>quid</span> <span class='ocrx_word' id='word_1_75' title='bbox 382 749 528 783; x_wconf 86' lang='lat' dir='ltr'>sentiat</span> <span class='ocrx_word' id='word_1_76' title='bbox 547 759 627 782; x_wconf 90' lang='lat' dir='ltr'>non</span> <span class='ocrx_word' id='word_1_77' title='bbox 647 746 828 783; x_wconf 84' lang='lat' dir='ltr'>videtis.”</span> <span class='ocrx_word' id='word_1_78' title='bbox 889 737 964 783; x_wconf 82' lang='lat' dir='ltr'>“Si</span> <span class='ocrx_word' id='word_1_79' title='bbox 983 746 1058 782; x_wconf 89' lang='lat' dir='ltr'>alia</span> <span class='ocrx_word' id='word_1_80' title='bbox 1074 747 1234 792; x_wconf 87' lang='lat' dir='ltr'>sentit,’&#39;</span> <span class='ocrx_word' id='word_1_81' title='bbox 1251 750 1424 793; x_wconf 86' lang='lat' dir='ltr'>inquam,</span> 
     </span>
     <span class='ocr_line' id='line_1_14' title="bbox 270 795 1427 850; baseline 0.002 -10"><span class='ocrx_word' id='word_1_82' title='bbox 270 795 382 841; x_wconf 78' lang='lat' dir='ltr'>“alia</span> <span class='ocrx_word' id='word_1_83' title='bbox 410 804 596 849; x_wconf 90' lang='lat' dir='ltr'>loquitur,</span> <span class='ocrx_word' id='word_1_84' title='bbox 626 817 841 850; x_wconf 85' lang='lat' dir='ltr'>numquam</span> <span class='ocrx_word' id='word_1_85' title='bbox 869 804 1102 850; x_wconf 84' lang='lat' dir='ltr'>intellegam</span> <span class='ocrx_word' id='word_1_86' title='bbox 1131 805 1225 850; x_wconf 92' lang='lat' dir='ltr'>quid</span> <span class='ocrx_word' id='word_1_87' title='bbox 1255 808 1427 849; x_wconf 80' lang='lat' dir='ltr'>sentiat3</span> 
     </span>
     <span class='ocr_line' id='line_1_15' title="bbox 269 862 1424 909; baseline -0.001 -9"><span class='ocrx_word' id='word_1_88' title='bbox 269 863 339 900; x_wconf 88' lang='lat' dir='ltr'>sed</span> <span class='ocrx_word' id='word_1_89' title='bbox 359 862 474 908; x_wconf 88' lang='lat' dir='ltr'>plane</span> <span class='ocrx_word' id='word_1_90' title='bbox 495 862 592 899; x_wconf 90' lang='lat' dir='ltr'>dicit</span> <span class='ocrx_word' id='word_1_91' title='bbox 618 862 723 908; x_wconf 88' lang='lat' dir='ltr'>quod</span> <span class='ocrx_word' id='word_1_92' title='bbox 749 862 960 908; x_wconf 85' lang='lat' dir='ltr'>intellegit.</span> <span class='ocrx_word' id='word_1_93' title='bbox 1021 862 1147 908; x_wconf 88' lang='lat' dir='ltr'>quue</span> <span class='ocrx_word' id='word_1_94' title='bbox 1175 866 1206 900; x_wconf 88' lang='lat' dir='ltr'>si</span> <span class='ocrx_word' id='word_1_95' title='bbox 1232 865 1288 900; x_wconf 85' lang='lat' dir='ltr'>ita</span> <span class='ocrx_word' id='word_1_96' title='bbox 1314 863 1424 909; x_wconf 91' lang='lat' dir='ltr'>dicit,</span> 
     </span>
     <span class='ocr_line' id='line_1_16' title="bbox 268 920 1429 967; baseline -0.001 -9"><span class='ocrx_word' id='word_1_97' title='bbox 268 934 349 958; x_wconf 90' lang='lat' dir='ltr'>non</span> <span class='ocrx_word' id='word_1_98' title='bbox 376 933 460 958; x_wconf 89' lang='lat' dir='ltr'>esse</span> <span class='ocrx_word' id='word_1_99' title='bbox 486 920 782 966; x_wconf 88' lang='lat' dir='ltr'>reprendendos</span> <span class='ocrx_word' id='word_1_100' title='bbox 807 920 1023 958; x_wconf 83' lang='lat' dir='ltr'>luxuriosos</span> <span class='ocrx_word' id='word_1_101' title='bbox 1050 923 1082 957; x_wconf 94' lang='lat' dir='ltr'>si</span> <span class='ocrx_word' id='word_1_102' title='bbox 1108 924 1307 967; x_wconf 87' lang='lat' dir='ltr'>sapientes</span> <span class='ocrx_word' id='word_1_103' title='bbox 1334 924 1429 967; x_wconf 83' lang='lat' dir='ltr'>sint,</span> 
     </span>
     <span class='ocr_line' id='line_1_17' title="bbox 270 975 1429 1021; baseline 0 -9"><span class='ocrx_word' id='word_1_104' title='bbox 270 976 367 1013; x_wconf 89' lang='lat' dir='ltr'>dicit</span> <span class='ocrx_word' id='word_1_105' title='bbox 389 975 569 1020; x_wconf 82' lang='lat' dir='ltr'>absurde,</span> <span class='ocrx_word' id='word_1_106' title='bbox 589 975 770 1012; x_wconf 89' lang='lat' dir='ltr'>similiter</span> <span class='ocrx_word' id='word_1_107' title='bbox 790 980 831 1012; x_wconf 91' lang='lat' dir='ltr'>et</span> <span class='ocrx_word' id='word_1_108' title='bbox 850 978 881 1011; x_wconf 85' lang='lat' dir='ltr'>si</span> <span class='ocrx_word' id='word_1_109' title='bbox 901 975 1008 1012; x_wconf 88' lang='lat' dir='ltr'>dicat</span> <span class='ocrx_word' id='word_1_110' title='bbox 1030 988 1110 1012; x_wconf 90' lang='lat' dir='ltr'>non</span> <span class='ocrx_word' id='word_1_111' title='bbox 1132 975 1429 1021; x_wconf 90' lang='lat' dir='ltr'>reprendendos</span> 
     </span>
     <span class='ocr_line' id='line_1_18' title="bbox 271 1029 1427 1076; baseline 0.001 -10"><span class='ocrx_word' id='word_1_112' title='bbox 271 1030 481 1076; x_wconf 88' lang='lat' dir='ltr'>parricidas</span> <span class='ocrx_word' id='word_1_113' title='bbox 501 1032 533 1066; x_wconf 90' lang='lat' dir='ltr'>si</span> <span class='ocrx_word' id='word_1_114' title='bbox 558 1042 632 1066; x_wconf 93' lang='lat' dir='ltr'>nec</span> <span class='ocrx_word' id='word_1_115' title='bbox 659 1029 792 1075; x_wconf 88' lang='lat' dir='ltr'>cupidi</span> <span class='ocrx_word' id='word_1_116' title='bbox 818 1032 898 1066; x_wconf 88' lang='lat' dir='ltr'>sint</span> <span class='ocrx_word' id='word_1_117' title='bbox 923 1042 998 1066; x_wconf 89' lang='lat' dir='ltr'>nec</span> <span class='ocrx_word' id='word_1_118' title='bbox 1025 1029 1119 1066; x_wconf 89' lang='lat' dir='ltr'>deos</span> <span class='ocrx_word' id='word_1_119' title='bbox 1144 1035 1328 1067; x_wconf 87' lang='lat' dir='ltr'>metuant</span> <span class='ocrx_word' id='word_1_120' title='bbox 1353 1043 1427 1067; x_wconf 90' lang='lat' dir='ltr'>nec</span> 
     </span>
     <span class='ocr_line' id='line_1_19' title="bbox 271 1083 1427 1130; baseline -0.001 -8"><span class='ocrx_word' id='word_1_121' title='bbox 271 1089 442 1122; x_wconf 86' lang='lat' dir='ltr'>mortem</span> <span class='ocrx_word' id='word_1_122' title='bbox 461 1097 535 1121; x_wconf 91' lang='lat' dir='ltr'>nec</span> <span class='ocrx_word' id='word_1_123' title='bbox 556 1083 742 1121; x_wconf 88' lang='lat' dir='ltr'>dolorem.</span> <span class='ocrx_word' id='word_1_124' title='bbox 803 1084 856 1121; x_wconf 87' lang='lat' dir='ltr'>Et</span> <span class='ocrx_word' id='word_1_125' title='bbox 875 1089 1011 1121; x_wconf 87' lang='lat' dir='ltr'>tamen</span> <span class='ocrx_word' id='word_1_126' title='bbox 1031 1084 1125 1130; x_wconf 89' lang='lat' dir='ltr'>quid</span> <span class='ocrx_word' id='word_1_127' title='bbox 1144 1087 1292 1122; x_wconf 85' lang='lat' dir='ltr'>attinet</span> <span class='ocrx_word' id='word_1_128' title='bbox 1315 1084 1427 1121; x_wconf 83' lang='lat' dir='ltr'>luxu-</span> 
     </span>
     <span class='ocr_line' id='line_1_20' title="bbox 273 1138 1428 1185; baseline -0.001 -9"><span class='ocrx_word' id='word_1_129' title='bbox 273 1142 382 1176; x_wconf 85' lang='lat' dir='ltr'>riosis</span> <span class='ocrx_word' id='word_1_130' title='bbox 401 1138 521 1175; x_wconf 88' lang='lat' dir='ltr'>ullam</span> <span class='ocrx_word' id='word_1_131' title='bbox 542 1141 818 1184; x_wconf 84' lang='lat' dir='ltr'>exceptionem</span> <span class='ocrx_word' id='word_1_132' title='bbox 838 1138 921 1175; x_wconf 90' lang='lat' dir='ltr'>dari</span> <span class='ocrx_word' id='word_1_133' title='bbox 937 1144 1005 1176; x_wconf 90' lang='lat' dir='ltr'>aut</span> <span class='ocrx_word' id='word_1_134' title='bbox 1020 1139 1168 1184; x_wconf 84' lang='lat' dir='ltr'>fingere</span> <span class='ocrx_word' id='word_1_135' title='bbox 1183 1139 1333 1185; x_wconf 88' lang='lat' dir='ltr'>aliquos</span> <span class='ocrx_word' id='word_1_136' title='bbox 1349 1142 1428 1185; x_wconf 89' lang='lat' dir='ltr'>qui,</span> 
     </span>
     <span class='ocr_line' id='line_1_21' title="bbox 275 1193 1429 1240; baseline -0.001 -9"><span class='ocrx_word' id='word_1_137' title='bbox 275 1207 364 1231; x_wconf 91' lang='lat' dir='ltr'>cum</span> <span class='ocrx_word' id='word_1_138' title='bbox 382 1193 579 1230; x_wconf 84' lang='lat' dir='ltr'>luxuriose</span> <span class='ocrx_word' id='word_1_139' title='bbox 599 1196 792 1238; x_wconf 87' lang='lat' dir='ltr'>viverent,</span> <span class='ocrx_word' id='word_1_140' title='bbox 807 1207 830 1229; x_wconf 87' lang='lat' dir='ltr'>a</span> <span class='ocrx_word' id='word_1_141' title='bbox 850 1206 1002 1230; x_wconf 89' lang='lat' dir='ltr'>summo</span> <span class='ocrx_word' id='word_1_142' title='bbox 1022 1193 1255 1240; x_wconf 88' lang='lat' dir='ltr'>philosopho</span> <span class='ocrx_word' id='word_1_143' title='bbox 1274 1206 1353 1231; x_wconf 91' lang='lat' dir='ltr'>non</span> <span class='ocrx_word' id='word_1_144' title='bbox 1368 1206 1429 1230; x_wconf 89' lang='lat' dir='ltr'>re-</span> 
     </span>
     <span class='ocr_line' id='line_1_22' title="bbox 274 1247 1432 1295; baseline 0.001 -11"><span class='ocrx_word' id='word_1_145' title='bbox 274 1247 563 1295; x_wconf 88' lang='lat' dir='ltr'>prenderentur</span> <span class='ocrx_word' id='word_1_146' title='bbox 583 1260 630 1284; x_wconf 91' lang='lat' dir='ltr'>eo</span> <span class='ocrx_word' id='word_1_147' title='bbox 649 1251 808 1284; x_wconf 89' lang='lat' dir='ltr'>nomine</span> <span class='ocrx_word' id='word_1_148' title='bbox 828 1248 1046 1293; x_wconf 84' lang='lat' dir='ltr'>dumtaxat,</span> <span class='ocrx_word' id='word_1_149' title='bbox 1067 1253 1199 1285; x_wconf 89' lang='lat' dir='ltr'>cetera</span> <span class='ocrx_word' id='word_1_150' title='bbox 1223 1249 1432 1285; x_wconf 87' lang='lat' dir='ltr'>caverent?</span> 
     </span>
     <span class='ocr_line' id='line_1_23' title="bbox 279 1302 1436 1348; baseline 0 -8"><span class='ocrx_word' id='word_1_151' title='bbox 279 1303 357 1341; x_wconf 90' lang='lat' dir='ltr'>Sed</span> <span class='ocrx_word' id='word_1_152' title='bbox 386 1307 521 1339; x_wconf 85' lang='lat' dir='ltr'>tamen</span> <span class='ocrx_word' id='word_1_153' title='bbox 549 1315 682 1339; x_wconf 91' lang='lat' dir='ltr'>nonne</span> <span class='ocrx_word' id='word_1_154' title='bbox 711 1302 984 1348; x_wconf 87' lang='lat' dir='ltr'>reprenderes,</span> <span class='ocrx_word' id='word_1_155' title='bbox 1013 1303 1196 1348; x_wconf 89' lang='lat' dir='ltr'>Epicure,</span> <span class='ocrx_word' id='word_1_156' title='bbox 1219 1303 1436 1340; x_wconf 85' lang='lat' dir='ltr'>luxuriosos</span> 
     </span>
     <span class='ocr_line' id='line_1_24' title="bbox 278 1357 1435 1403; baseline -0.001 -8"><span class='ocrx_word' id='word_1_157' title='bbox 278 1359 328 1395; x_wconf 94' lang='lat' dir='ltr'>ob</span> <span class='ocrx_word' id='word_1_158' title='bbox 352 1370 439 1394; x_wconf 84' lang='lat' dir='ltr'>eam</span> <span class='ocrx_word' id='word_1_159' title='bbox 466 1360 590 1402; x_wconf 83' lang='lat' dir='ltr'>ipsam</span> <span class='ocrx_word' id='word_1_160' title='bbox 621 1370 775 1393; x_wconf 85' lang='lat' dir='ltr'>causam</span> <span class='ocrx_word' id='word_1_161' title='bbox 804 1357 910 1402; x_wconf 88' lang='lat' dir='ltr'>quod</span> <span class='ocrx_word' id='word_1_162' title='bbox 938 1360 994 1393; x_wconf 88' lang='lat' dir='ltr'>ita</span> <span class='ocrx_word' id='word_1_163' title='bbox 1022 1360 1202 1394; x_wconf 80' lang='lat' dir='ltr'>viverent</span> <span class='ocrx_word' id='word_1_164' title='bbox 1230 1362 1275 1394; x_wconf 91' lang='lat' dir='ltr'>ut</span> <span class='ocrx_word' id='word_1_165' title='bbox 1303 1370 1435 1403; x_wconf 87' lang='lat' dir='ltr'>perse-</span> 
     </span>
     <span class='ocr_line' id='line_1_25' title="bbox 277 1411 1435 1458; baseline 0 -10"><span class='ocrx_word' id='word_1_166' title='bbox 277 1417 494 1458; x_wconf 87' lang='lat' dir='ltr'>querentur</span> <span class='ocrx_word' id='word_1_167' title='bbox 514 1411 810 1456; x_wconf 87' lang='lat' dir='ltr'>cuiusquemodi</span> <span class='ocrx_word' id='word_1_168' title='bbox 829 1411 1066 1457; x_wconf 86' lang='lat' dir='ltr'>voluptates,</span> <span class='ocrx_word' id='word_1_169' title='bbox 1086 1425 1176 1448; x_wconf 91' lang='lat' dir='ltr'>cum</span> <span class='ocrx_word' id='word_1_170' title='bbox 1197 1417 1301 1449; x_wconf 89' lang='lat' dir='ltr'>esset</span> <span class='ocrx_word' id='word_1_171' title='bbox 1323 1425 1435 1457; x_wconf 88' lang='lat' dir='ltr'>prae-</span> 
     </span>
     <span class='ocr_line' id='line_1_26' title="bbox 277 1466 1434 1512; baseline -0.001 -8"><span class='ocrx_word' id='word_1_172' title='bbox 277 1470 425 1512; x_wconf 81' lang='lat' dir='ltr'>sertim,</span> <span class='ocrx_word' id='word_1_173' title='bbox 459 1471 505 1503; x_wconf 89' lang='lat' dir='ltr'>ut</span> <span class='ocrx_word' id='word_1_174' title='bbox 542 1469 597 1503; x_wconf 89' lang='lat' dir='ltr'>ais</span> <span class='ocrx_word' id='word_1_175' title='bbox 635 1471 693 1511; x_wconf 89' lang='lat' dir='ltr'>tu,</span> <span class='ocrx_word' id='word_1_176' title='bbox 727 1479 879 1502; x_wconf 89' lang='lat' dir='ltr'>summa</span> <span class='ocrx_word' id='word_1_177' title='bbox 916 1466 1096 1511; x_wconf 79' lang='lat' dir='ltr'>voluptas</span> <span class='ocrx_word' id='word_1_178' title='bbox 1133 1466 1233 1502; x_wconf 90' lang='lat' dir='ltr'>nihil</span> <span class='ocrx_word' id='word_1_179' title='bbox 1271 1466 1434 1504; x_wconf 87' lang='lat' dir='ltr'>dolere?</span> 
     </span>
     <span class='ocr_line' id='line_1_27' title="bbox 278 1521 1434 1566; baseline 0 -8"><span class='ocrx_word' id='word_1_180' title='bbox 278 1522 403 1566; x_wconf 89' lang='lat' dir='ltr'>Atqui</span> <span class='ocrx_word' id='word_1_181' title='bbox 429 1523 671 1566; x_wconf 89' lang='lat' dir='ltr'>reperiemus</span> <span class='ocrx_word' id='word_1_182' title='bbox 698 1526 826 1557; x_wconf 85' lang='lat' dir='ltr'>asotos</span> <span class='ocrx_word' id='word_1_183' title='bbox 852 1523 1023 1566; x_wconf 88' lang='lat' dir='ltr'>primum</span> <span class='ocrx_word' id='word_1_184' title='bbox 1048 1524 1104 1557; x_wconf 89' lang='lat' dir='ltr'>ita</span> <span class='ocrx_word' id='word_1_185' title='bbox 1129 1533 1209 1557; x_wconf 90' lang='lat' dir='ltr'>non</span> <span class='ocrx_word' id='word_1_186' title='bbox 1232 1521 1434 1566; x_wconf 88' lang='lat' dir='ltr'>religiosos</span> 
     </span>
     <span class='ocr_line' id='line_1_28' title="bbox 277 1568 1433 1621; baseline -0.001 -8"><span class='ocrx_word' id='word_1_187' title='bbox 277 1582 324 1613; x_wconf 89' lang='lat' dir='ltr'>ut</span> <span class='ocrx_word' id='word_1_188' title='bbox 352 1568 488 1612; x_wconf 71' lang='lat' dir='ltr'>‘edint-</span> <span class='ocrx_word' id='word_1_189' title='bbox 519 1575 569 1611; x_wconf 92' lang='lat' dir='ltr'>de</span> <span class='ocrx_word' id='word_1_190' title='bbox 600 1575 771 1621; x_wconf 52' lang='lat' dir='ltr'>patellas</span> <span class='ocrx_word' id='word_1_191' title='bbox 805 1575 952 1611; x_wconf 90' lang='lat' dir='ltr'>deinde</span> <span class='ocrx_word' id='word_1_192' title='bbox 986 1578 1041 1611; x_wconf 90' lang='lat' dir='ltr'>ita</span> <span class='ocrx_word' id='word_1_193' title='bbox 1074 1580 1243 1612; x_wconf 85' lang='lat' dir='ltr'>mortem</span> <span class='ocrx_word' id='word_1_194' title='bbox 1273 1588 1353 1612; x_wconf 89' lang='lat' dir='ltr'>non</span> <span class='ocrx_word' id='word_1_195' title='bbox 1383 1578 1433 1613; x_wconf 90' lang='lat' dir='ltr'>ti-</span> 
     </span>
     <span class='ocr_line' id='line_1_29' title="bbox 278 1629 1270 1675; baseline 0 -8"><span class='ocrx_word' id='word_1_196' title='bbox 278 1635 433 1668; x_wconf 86' lang='lat' dir='ltr'>mentes</span> <span class='ocrx_word' id='word_1_197' title='bbox 453 1634 498 1666; x_wconf 89' lang='lat' dir='ltr'>ut</span> <span class='ocrx_word' id='word_1_198' title='bbox 517 1630 615 1666; x_wconf 92' lang='lat' dir='ltr'>illud</span> <span class='ocrx_word' id='word_1_199' title='bbox 634 1632 676 1666; x_wconf 90' lang='lat' dir='ltr'>in</span> <span class='ocrx_word' id='word_1_200' title='bbox 696 1642 761 1666; x_wconf 92' lang='lat' dir='ltr'>ore</span> <span class='ocrx_word' id='word_1_201' title='bbox 782 1629 956 1667; x_wconf 85' lang='lat' dir='ltr'>habeant</span> <span class='ocrx_word' id='word_1_202' title='bbox 975 1642 1024 1667; x_wconf 87' lang='lat' dir='ltr'>ex</span> <span class='ocrx_word' id='word_1_203' title='bbox 1045 1630 1270 1675; x_wconf 79' lang='lat' dir='ltr'>Hymnide:</span> 
     </span>
    </p>
   </div>
   <div class='ocr_carea' id='block_1_4' title="bbox 281 1724 1439 1810">
    <p class='ocr_par' dir='ltr' id='par_1_5' title="bbox 281 1724 1439 1810">
     <span class='ocr_line' id='line_1_30' title="bbox 321 1724 1439 1766; baseline 0.001 -10"><span class='ocrx_word' id='word_1_204' title='bbox 321 1726 334 1746; x_wconf 84' lang='lat'>¹</span> <span class='ocrx_word' id='word_1_205' title='bbox 347 1725 568 1756; x_wconf 75' lang='lat' dir='ltr'>haberemus:</span> <span class='ocrx_word' id='word_1_206' title='bbox 581 1725 640 1756; x_wconf 82' lang='lat' dir='ltr'>inf.</span> <span class='ocrx_word' id='word_1_207' title='bbox 655 1725 756 1756; x_wconf 87' lang='lat' dir='ltr'>MSS.</span> <span class='ocrx_word' id='word_1_208' title='bbox 770 1725 1006 1762; x_wconf 77' lang='lat' dir='ltr'>haereremus3</span> <span class='ocrx_word' id='word_1_209' title='bbox 1018 1724 1111 1766; x_wconf 88' lang='lat' dir='ltr'>quod</span> <span class='ocrx_word' id='word_1_210' title='bbox 1118 1724 1439 1766; x_wconf 77' lang='lat' dir='ltr'>reprehenderemus</span> 
     </span>
     <span class='ocr_line' id='line_1_31' title="bbox 281 1766 762 1810; baseline -0.004 -9"><span class='ocrx_word' id='word_1_211' title='bbox 281 1769 399 1801; x_wconf 84' lang='lat' dir='ltr'>added</span> <span class='ocrx_word' id='word_1_212' title='bbox 418 1769 462 1810; x_wconf 88' lang='lat' dir='ltr'>by</span> <span class='ocrx_word' id='word_1_213' title='bbox 482 1769 593 1805; x_wconf 84' lang='lat' dir='ltr'>Mdv.‚</span> <span class='ocrx_word' id='word_1_214' title='bbox 612 1768 654 1799; x_wconf 92' lang='lat' dir='ltr'>cf.</span> <span class='ocrx_word' id='word_1_215' title='bbox 677 1766 692 1809; x_wconf 85' lang='lat'>§</span> <span class='ocrx_word' id='word_1_216' title='bbox 712 1778 762 1808; x_wconf 84' lang='lat'>23.</span> 
     </span>
    </p>
   </div>
   <div class='ocr_carea' id='block_1_5' title="bbox 275 1835 1438 2061">
    <p class='ocr_par' dir='ltr' id='par_1_6' title="bbox 275 1835 1438 2061">
     <span class='ocr_line' id='line_1_32' title="bbox 322 1835 1438 1897; baseline 0 -10"><span class='ocrx_word' id='word_1_217' title='bbox 322 1856 568 1897; x_wconf 74' lang='lat' dir='ltr'>aApparently</span> <span class='ocrx_word' id='word_1_218' title='bbox 599 1855 797 1895; x_wconf 79' lang='lat' dir='ltr'>proverbial</span> <span class='ocrx_word' id='word_1_219' title='bbox 826 1855 881 1886; x_wconf 89' lang='lat' dir='ltr'>for</span> <span class='ocrx_word' id='word_1_220' title='bbox 910 1855 1108 1886; x_wconf 84' lang='lat' dir='ltr'>shameless</span> <span class='ocrx_word' id='word_1_221' title='bbox 1138 1855 1314 1896; x_wconf 83' lang='lat' dir='ltr'>gluttony.</span> <span class='ocrx_word' id='word_1_222' title='bbox 1362 1835 1438 1888; x_wconf 77' lang='lat' dir='ltr'>The</span> 
     </span>
     <span class='ocr_line' id='line_1_33' title="bbox 275 1897 1437 1942; baseline 0 -12"><span class='ocrx_word' id='word_1_223' title='bbox 275 1900 408 1942; x_wconf 74' lang='lat' dir='ltr'>patella</span> <span class='ocrx_word' id='word_1_224' title='bbox 424 1909 500 1930; x_wconf 83' lang='lat' dir='ltr'>was</span> <span class='ocrx_word' id='word_1_225' title='bbox 517 1899 603 1929; x_wconf 81' lang='lat' dir='ltr'>used</span> <span class='ocrx_word' id='word_1_226' title='bbox 628 1898 681 1929; x_wconf 84' lang='lat' dir='ltr'>sor</span> <span class='ocrx_word' id='word_1_227' title='bbox 697 1898 867 1938; x_wconf 80' lang='lat' dir='ltr'>offerings</span> <span class='ocrx_word' id='word_1_228' title='bbox 884 1898 924 1929; x_wconf 90' lang='lat' dir='ltr'>of</span> <span class='ocrx_word' id='word_1_229' title='bbox 941 1898 1025 1929; x_wconf 85' lang='lat' dir='ltr'>food</span> <span class='ocrx_word' id='word_1_230' title='bbox 1050 1897 1153 1928; x_wconf 87' lang='lat' dir='ltr'>made</span> <span class='ocrx_word' id='word_1_231' title='bbox 1175 1902 1211 1929; x_wconf 87' lang='lat' dir='ltr'>to</span> <span class='ocrx_word' id='word_1_232' title='bbox 1233 1899 1291 1929; x_wconf 86' lang='lat' dir='ltr'>the</span> <span class='ocrx_word' id='word_1_233' title='bbox 1311 1898 1437 1930; x_wconf 86' lang='lat' dir='ltr'>house-</span> 
     </span>
     <span class='ocr_line' id='line_1_34' title="bbox 278 1942 1433 2024; baseline -0.001 -8"><span class='ocrx_word' id='word_1_234' title='bbox 278 1942 555 2024; x_wconf 49' lang='lat' dir='ltr'>hogclxggdziedy</span> <span class='ocrx_word' id='word_1_235' title='bbox 580 1982 626 2023; x_wconf 89' lang='lat' dir='ltr'>by</span> <span class='ocrx_word' id='word_1_236' title='bbox 653 1982 830 2014; x_wconf 87' lang='lat' dir='ltr'>Caecilius</span> <span class='ocrx_word' id='word_1_237' title='bbox 856 1982 1002 2021; x_wconf 75' lang='lat' dir='ltr'>Statius,</span> <span class='ocrx_word' id='word_1_238' title='bbox 1030 1982 1228 2014; x_wconf 84' lang='lat' dir='ltr'>translated</span> <span class='ocrx_word' id='word_1_239' title='bbox 1257 1981 1345 2014; x_wconf 84' lang='lat' dir='ltr'>from</span> <span class='ocrx_word' id='word_1_240' title='bbox 1374 1983 1433 2015; x_wconf 85' lang='lat' dir='ltr'>the</span> 
     </span>
     <span class='ocr_line' id='line_1_35' title="bbox 279 2026 677 2061; baseline -0.015 0"><span class='ocrx_word' id='word_1_241' title='bbox 279 2028 397 2061; x_wconf 84' lang='lat' dir='ltr'>Greek</span> <span class='ocrx_word' id='word_1_242' title='bbox 414 2027 453 2058; x_wconf 88' lang='lat' dir='ltr'>of</span> <span class='ocrx_word' id='word_1_243' title='bbox 473 2026 677 2059; x_wconf 80' lang='lat' dir='ltr'>Menander.</span> 
     </span>
    </p>
   </div>
   <div class='ocr_carea' id='block_1_6' title="bbox 386 2082 460 2114">
    <p class='ocr_par' dir='ltr' id='par_1_7' title="bbox 386 2082 460 2114">
     <span class='ocr_line' id='line_1_36' title="bbox 386 2082 460 2114; baseline -0.014 0"><span class='ocrx_word' id='word_1_244' title='bbox 386 2082 460 2114; x_wconf 68' lang='lat'>104</span> 
     </span>
    </p>
   </div>
  </div>
 </body>
</html>
