<?xml version="1.0" encoding="UTF-8"?>
<!DOCTYPE html PUBLIC "-//W3C//DTD XHTML 1.0 Transitional//EN"
    "http://www.w3.org/TR/xhtml1/DTD/xhtml1-transitional.dtd">
<html xmlns="http://www.w3.org/1999/xhtml" xml:lang="en" lang="en">
 <head>
  <title>
</title>
<meta http-equiv="Content-Type" content="text/html;charset=utf-8" />
  <meta name='ocr-system' content='tesseract 3.04.00' />
  <meta name='ocr-capabilities' content='ocr_page ocr_carea ocr_par ocr_line ocrx_word'/>
</head>
<body>
  <div class='ocr_page' id='page_1' title='image "./definibusbonorum00cice_0144.png"; bbox 0 0 1574 2364; ppageno 0'>
   <div class='ocr_carea' id='block_1_1' title="bbox 224 934 271 970">
    <p class='ocr_par' dir='ltr' id='par_1_1' title="bbox 224 934 271 970">
     <span class='ocr_line' id='line_1_1' title="bbox 224 934 271 970; baseline 0.064 -3"><span class='ocrx_word' id='word_1_1' title='bbox 224 934 271 970; x_wconf 77' lang='lat'>27</span> 
     </span>
    </p>
   </div>
   <div class='ocr_carea' id='block_1_2' title="bbox 602 157 1153 196">
    <p class='ocr_par' dir='ltr' id='par_1_2' title="bbox 602 157 1153 196">
     <span class='ocr_line' id='line_1_2' title="bbox 602 157 1153 196; baseline 0.004 -2"><span class='ocrx_word' id='word_1_2' title='bbox 602 157 798 195; x_wconf 87' lang='lat' dir='ltr'>CICERO</span> <span class='ocrx_word' id='word_1_3' title='bbox 829 158 903 194; x_wconf 88' lang='lat' dir='ltr'>DE</span> <span class='ocrx_word' id='word_1_4' title='bbox 934 158 1153 196; x_wconf 90' lang='lat' dir='ltr'>FINIBUS</span> 
     </span>
    </p>
   </div>
   <div class='ocr_carea' id='block_1_3' title="bbox 297 236 1476 1857">
    <p class='ocr_par' dir='ltr' id='par_1_3' title="bbox 297 236 1476 1857">
     <span class='ocr_line' id='line_1_3' title="bbox 297 236 1459 283; baseline 0 -9"><span class='ocrx_word' id='word_1_5' title='bbox 297 237 397 274; x_wconf 89' lang='lat' dir='ltr'>liter.</span> <span class='ocrx_word' id='word_1_6' title='bbox 459 236 720 274; x_wconf 83' lang='lat' dir='ltr'>Possumusne</span> <span class='ocrx_word' id='word_1_7' title='bbox 741 250 835 283; x_wconf 86' lang='lat' dir='ltr'>ergo</span> <span class='ocrx_word' id='word_1_8' title='bbox 855 241 897 274; x_wconf 90' lang='lat' dir='ltr'>in</span> <span class='ocrx_word' id='word_1_9' title='bbox 916 241 997 275; x_wconf 87' lang='lat' dir='ltr'>vita</span> <span class='ocrx_word' id='word_1_10' title='bbox 1016 251 1213 275; x_wconf 89' lang='lat' dir='ltr'>summum</span> <span class='ocrx_word' id='word_1_11' title='bbox 1233 238 1380 275; x_wconf 90' lang='lat' dir='ltr'>bonum</span> <span class='ocrx_word' id='word_1_12' title='bbox 1401 238 1459 275; x_wconf 91' lang='lat' dir='ltr'>di-</span> 
     </span>
     <span class='ocr_line' id='line_1_4' title="bbox 297 292 1461 348; baseline 0 -11"><span class='ocrx_word' id='word_1_13' title='bbox 297 313 387 338; x_wconf 86' lang='lat' dir='ltr'>cere</span> <span class='ocrx_word' id='word_1_14' title='bbox 425 300 531 346; x_wconf 92' lang='lat' dir='ltr'>quod</span> <span class='ocrx_word' id='word_1_15' title='bbox 568 313 620 337; x_wconf 89' lang='lat' dir='ltr'>ne</span> <span class='ocrx_word' id='word_1_16' title='bbox 657 303 699 337; x_wconf 92' lang='lat' dir='ltr'>in</span> <span class='ocrx_word' id='word_1_17' title='bbox 733 292 847 337; x_wconf 85' lang='lat' dir='ltr'>cena¹</span> <span class='ocrx_word' id='word_1_18' title='bbox 881 301 1042 347; x_wconf 87' lang='lat' dir='ltr'>quidem</span> <span class='ocrx_word' id='word_1_19' title='bbox 1079 314 1194 348; x_wconf 90' lang='lat' dir='ltr'>posse</span> <span class='ocrx_word' id='word_1_20' title='bbox 1228 301 1461 338; x_wconf 87' lang='lat' dir='ltr'>videamur?</span> 
     </span>
     <span class='ocr_line' id='line_1_5' title="bbox 299 353 1464 409; baseline 0 -9"><span class='ocrx_word' id='word_1_21' title='bbox 299 362 508 409; x_wconf 84' lang='lat' dir='ltr'>Quomodo</span> <span class='ocrx_word' id='word_1_22' title='bbox 521 367 655 399; x_wconf 90' lang='lat' dir='ltr'>autem</span> <span class='ocrx_word' id='word_1_23' title='bbox 669 362 926 409; x_wconf 90' lang='lat' dir='ltr'>philosophus</span> <span class='ocrx_word' id='word_1_24' title='bbox 940 362 1115 409; x_wconf 86' lang='lat' dir='ltr'>loquitur</span> <span class='ocrx_word' id='word_1_25' title='bbox 1129 364 1143 399; x_wconf 88' lang='lat'>?</span> <span class='ocrx_word' id='word_1_26' title='bbox 1188 353 1199 370; x_wconf 75' lang='lat'><em>‘</em></span> <span class='ocrx_word' id='word_1_27' title='bbox 1211 363 1302 399; x_wconf 84' lang='lat' dir='ltr'>Tria</span> <span class='ocrx_word' id='word_1_28' title='bbox 1316 376 1464 408; x_wconf 85' lang='lat' dir='ltr'>genera</span> 
     </span>
     <span class='ocr_line' id='line_1_6' title="bbox 299 425 1464 473; baseline 0.001 -11"><span class='ocrx_word' id='word_1_29' title='bbox 299 426 575 472; x_wconf 79' lang='lat' dir='ltr'>cupiditatum,</span> <span class='ocrx_word' id='word_1_30' title='bbox 605 425 805 463; x_wconf 77' lang='lat' dir='ltr'>naturales</span> <span class='ocrx_word' id='word_1_31' title='bbox 835 431 877 463; x_wconf 89' lang='lat' dir='ltr'>et</span> <span class='ocrx_word' id='word_1_32' title='bbox 905 429 1163 473; x_wconf 81' lang='lat' dir='ltr'>necessariae,</span> <span class='ocrx_word' id='word_1_33' title='bbox 1192 426 1392 463; x_wconf 81' lang='lat' dir='ltr'>naturales</span> <span class='ocrx_word' id='word_1_34' title='bbox 1423 431 1464 463; x_wconf 90' lang='lat' dir='ltr'>et</span> 
     </span>
     <span class='ocr_line' id='line_1_7' title="bbox 300 488 1462 533; baseline 0 -8"><span class='ocrx_word' id='word_1_35' title='bbox 300 502 379 526; x_wconf 90' lang='lat' dir='ltr'>non</span> <span class='ocrx_word' id='word_1_36' title='bbox 417 491 674 533; x_wconf 83' lang='lat' dir='ltr'>necessariae,</span> <span class='ocrx_word' id='word_1_37' title='bbox 714 502 787 525; x_wconf 88' lang='lat' dir='ltr'>ncc</span> <span class='ocrx_word' id='word_1_38' title='bbox 826 489 1026 526; x_wconf 81' lang='lat' dir='ltr'>naturales</span> <span class='ocrx_word' id='word_1_39' title='bbox 1072 502 1147 526; x_wconf 89' lang='lat' dir='ltr'>nec</span> <span class='ocrx_word' id='word_1_40' title='bbox 1194 488 1462 526; x_wconf 85' lang='lat' dir='ltr'>necessariae.’</span> 
     </span>
     <span class='ocr_line' id='line_1_8' title="bbox 303 551 1464 597; baseline 0.001 -9"><span class='ocrx_word' id='word_1_41' title='bbox 303 551 475 588; x_wconf 90' lang='lat' dir='ltr'>Primum</span> <span class='ocrx_word' id='word_1_42' title='bbox 495 552 628 589; x_wconf 89' lang='lat' dir='ltr'>divisit</span> <span class='ocrx_word' id='word_1_43' title='bbox 655 552 906 597; x_wconf 85' lang='lat' dir='ltr'>ineleganter</span> <span class='ocrx_word' id='word_1_44' title='bbox 919 564 929 596; x_wconf 85' lang='lat'><em>3</em></span> <span class='ocrx_word' id='word_1_45' title='bbox 959 551 1037 588; x_wconf 91' lang='lat' dir='ltr'>duo</span> <span class='ocrx_word' id='word_1_46' title='bbox 1062 554 1170 589; x_wconf 91' lang='lat' dir='ltr'>enim</span> <span class='ocrx_word' id='word_1_47' title='bbox 1192 565 1341 597; x_wconf 85' lang='lat' dir='ltr'>genera</span> <span class='ocrx_word' id='word_1_48' title='bbox 1365 563 1464 597; x_wconf 86' lang='lat' dir='ltr'>quae</span> 
     </span>
     <span class='ocr_line' id='line_1_9' title="bbox 300 614 1462 660; baseline 0 -9"><span class='ocrx_word' id='word_1_49' title='bbox 300 620 427 660; x_wconf 82' lang='lat' dir='ltr'>erant,</span> <span class='ocrx_word' id='word_1_50' title='bbox 444 615 540 652; x_wconf 87' lang='lat' dir='ltr'>fecit</span> <span class='ocrx_word' id='word_1_51' title='bbox 561 618 645 651; x_wconf 85' lang='lat' dir='ltr'>tria.</span> <span class='ocrx_word' id='word_1_52' title='bbox 708 615 798 651; x_wconf 92' lang='lat' dir='ltr'>Hoc</span> <span class='ocrx_word' id='word_1_53' title='bbox 815 620 875 652; x_wconf 89' lang='lat' dir='ltr'>est</span> <span class='ocrx_word' id='word_1_54' title='bbox 891 628 971 652; x_wconf 87' lang='lat' dir='ltr'>non</span> <span class='ocrx_word' id='word_1_55' title='bbox 987 614 1163 652; x_wconf 89' lang='lat' dir='ltr'>dividere</span> <span class='ocrx_word' id='word_1_56' title='bbox 1181 615 1250 651; x_wconf 90' lang='lat' dir='ltr'>sed</span> <span class='ocrx_word' id='word_1_57' title='bbox 1267 614 1462 660; x_wconf 83' lang='lat' dir='ltr'>frangere.</span> 
     </span>
     <span class='ocr_line' id='line_1_10' title="bbox 302 677 1466 723; baseline -0.001 -9"><span class='ocrx_word' id='word_1_58' title='bbox 302 678 381 723; x_wconf 83' lang='lat' dir='ltr'>Qui</span> <span class='ocrx_word' id='word_1_59' title='bbox 402 678 500 714; x_wconf 87' lang='lat' dir='ltr'>haec</span> <span class='ocrx_word' id='word_1_60' title='bbox 522 677 749 714; x_wconf 88' lang='lat' dir='ltr'>didicerunt</span> <span class='ocrx_word' id='word_1_61' title='bbox 769 691 869 723; x_wconf 89' lang='lat' dir='ltr'>quae</span> <span class='ocrx_word' id='word_1_62' title='bbox 890 677 957 715; x_wconf 92' lang='lat' dir='ltr'>ille</span> <span class='ocrx_word' id='word_1_63' title='bbox 979 681 1214 723; x_wconf 83' lang='lat' dir='ltr'>contemnit,</span> <span class='ocrx_word' id='word_1_64' title='bbox 1235 680 1289 714; x_wconf 90' lang='lat' dir='ltr'>sic</span> <span class='ocrx_word' id='word_1_65' title='bbox 1310 677 1466 714; x_wconf 83' lang='lat' dir='ltr'>solent:</span> 
     </span>
     <span class='ocr_line' id='line_1_11' title="bbox 303 732 1466 787; baseline -0.001 -10"><span class='ocrx_word' id='word_1_66' title='bbox 303 732 313 747; x_wconf 81' lang='lat'>‘</span> <span class='ocrx_word' id='word_1_67' title='bbox 328 741 418 777; x_wconf 90' lang='lat' dir='ltr'>Duo</span> <span class='ocrx_word' id='word_1_68' title='bbox 464 754 613 787; x_wconf 85' lang='lat' dir='ltr'>genera</span> <span class='ocrx_word' id='word_1_69' title='bbox 660 740 938 787; x_wconf 82' lang='lat' dir='ltr'>cupiditatum,</span> <span class='ocrx_word' id='word_1_70' title='bbox 977 740 1176 778; x_wconf 87' lang='lat' dir='ltr'>naturales</span> <span class='ocrx_word' id='word_1_71' title='bbox 1216 745 1257 778; x_wconf 91' lang='lat' dir='ltr'>et</span> <span class='ocrx_word' id='word_1_72' title='bbox 1304 743 1466 783; x_wconf 88' lang='lat' dir='ltr'>inanes;</span> 
     </span>
     <span class='ocr_line' id='line_1_12' title="bbox 304 802 1467 849; baseline -0.002 -9"><span class='ocrx_word' id='word_1_73' title='bbox 304 803 543 840; x_wconf 88' lang='lat' dir='ltr'>naturalium</span> <span class='ocrx_word' id='word_1_74' title='bbox 580 803 672 849; x_wconf 89' lang='lat' dir='ltr'>duo,</span> <span class='ocrx_word' id='word_1_75' title='bbox 710 806 954 840; x_wconf 87' lang='lat' dir='ltr'>necessariae</span> <span class='ocrx_word' id='word_1_76' title='bbox 999 808 1042 841; x_wconf 84' lang='lat' dir='ltr'>et</span> <span class='ocrx_word' id='word_1_77' title='bbox 1079 816 1160 840; x_wconf 91' lang='lat' dir='ltr'>non</span> <span class='ocrx_word' id='word_1_78' title='bbox 1198 802 1467 840; x_wconf 57' lang='lat' dir='ltr'>necessariae)</span> 
     </span>
     <span class='ocr_line' id='line_1_13' title="bbox 305 866 1469 904; baseline -0.003 0"><span class='ocrx_word' id='word_1_79' title='bbox 305 867 495 904; x_wconf 88' lang='lat' dir='ltr'>Confecta</span> <span class='ocrx_word' id='word_1_80' title='bbox 515 880 577 904; x_wconf 88' lang='lat' dir='ltr'>res</span> <span class='ocrx_word' id='word_1_81' title='bbox 599 872 713 904; x_wconf 90' lang='lat' dir='ltr'>esset.</span> <span class='ocrx_word' id='word_1_82' title='bbox 774 867 968 904; x_wconf 80' lang='lat' dir='ltr'>Vitiosum</span> <span class='ocrx_word' id='word_1_83' title='bbox 990 871 1051 904; x_wconf 92' lang='lat' dir='ltr'>est</span> <span class='ocrx_word' id='word_1_84' title='bbox 1071 869 1178 903; x_wconf 89' lang='lat' dir='ltr'>enim</span> <span class='ocrx_word' id='word_1_85' title='bbox 1199 869 1239 902; x_wconf 91' lang='lat' dir='ltr'>in</span> <span class='ocrx_word' id='word_1_86' title='bbox 1256 866 1469 903; x_wconf 80' lang='lat' dir='ltr'>dividendo</span> 
     </span>
     <span class='ocr_line' id='line_1_14' title="bbox 304 929 1471 977; baseline -0.001 -10"><span class='ocrx_word' id='word_1_87' title='bbox 304 935 459 977; x_wconf 89' lang='lat' dir='ltr'>partem</span> <span class='ocrx_word' id='word_1_88' title='bbox 479 933 520 966; x_wconf 92' lang='lat' dir='ltr'>in</span> <span class='ocrx_word' id='word_1_89' title='bbox 546 943 695 976; x_wconf 81' lang='lat' dir='ltr'>genere</span> <span class='ocrx_word' id='word_1_90' title='bbox 723 943 941 966; x_wconf 86' lang='lat' dir='ltr'>numerare.</span> <span class='ocrx_word' id='word_1_91' title='bbox 1002 929 1082 967; x_wconf 89' lang='lat' dir='ltr'>Sed</span> <span class='ocrx_word' id='word_1_92' title='bbox 1107 929 1182 966; x_wconf 90' lang='lat' dir='ltr'>hoc</span> <span class='ocrx_word' id='word_1_93' title='bbox 1210 942 1304 966; x_wconf 89' lang='lat' dir='ltr'>sane</span> <span class='ocrx_word' id='word_1_94' title='bbox 1331 941 1471 966; x_wconf 90' lang='lat' dir='ltr'>conce-</span> 
     </span>
     <span class='ocr_line' id='line_1_15' title="bbox 304 991 1471 1037; baseline -0.002 -7"><span class='ocrx_word' id='word_1_95' title='bbox 304 993 451 1030; x_wconf 88' lang='lat' dir='ltr'>damus.</span> <span class='ocrx_word' id='word_1_96' title='bbox 513 993 744 1030; x_wconf 89' lang='lat' dir='ltr'>Contemnit</span> <span class='ocrx_word' id='word_1_97' title='bbox 764 992 983 1029; x_wconf 88' lang='lat' dir='ltr'>disserendi</span> <span class='ocrx_word' id='word_1_98' title='bbox 1014 992 1278 1037; x_wconf 81' lang='lat' dir='ltr'>elegantiam3</span> <span class='ocrx_word' id='word_1_99' title='bbox 1308 991 1471 1029; x_wconf 89' lang='lat' dir='ltr'>confuse</span> 
     </span>
     <span class='ocr_line' id='line_1_16' title="bbox 305 1055 1468 1102; baseline -0.002 -9"><span class='ocrx_word' id='word_1_100' title='bbox 305 1056 505 1102; x_wconf 81' lang='lat' dir='ltr'>loquitur3</span> <span class='ocrx_word' id='word_1_101' title='bbox 547 1055 746 1101; x_wconf 88' lang='lat' dir='ltr'>gerendus</span> <span class='ocrx_word' id='word_1_102' title='bbox 782 1060 843 1092; x_wconf 84' lang='lat' dir='ltr'>est</span> <span class='ocrx_word' id='word_1_103' title='bbox 876 1068 974 1101; x_wconf 82' lang='lat' dir='ltr'>mos,</span> <span class='ocrx_word' id='word_1_104' title='bbox 1006 1055 1124 1092; x_wconf 89' lang='lat' dir='ltr'>modo</span> <span class='ocrx_word' id='word_1_105' title='bbox 1161 1060 1272 1092; x_wconf 86' lang='lat' dir='ltr'>recte</span> <span class='ocrx_word' id='word_1_106' title='bbox 1310 1057 1468 1092; x_wconf 88' lang='lat' dir='ltr'>sentiat.</span> 
     </span>
     <span class='ocr_line' id='line_1_17' title="bbox 306 1118 1470 1165; baseline -0.002 -9"><span class='ocrx_word' id='word_1_107' title='bbox 306 1118 503 1165; x_wconf 84' lang='lat' dir='ltr'>Equidem</span> <span class='ocrx_word' id='word_1_108' title='bbox 524 1118 623 1156; x_wconf 91' lang='lat' dir='ltr'>illud</span> <span class='ocrx_word' id='word_1_109' title='bbox 644 1121 772 1165; x_wconf 87' lang='lat' dir='ltr'>ipsum</span> <span class='ocrx_word' id='word_1_110' title='bbox 796 1131 876 1155; x_wconf 90' lang='lat' dir='ltr'>non</span> <span class='ocrx_word' id='word_1_111' title='bbox 903 1121 1069 1155; x_wconf 89' lang='lat' dir='ltr'>nimium</span> <span class='ocrx_word' id='word_1_112' title='bbox 1095 1118 1219 1165; x_wconf 88' lang='lat' dir='ltr'>probo</span> <span class='ocrx_word' id='word_1_113' title='bbox 1246 1122 1288 1155; x_wconf 88' lang='lat' dir='ltr'>et</span> <span class='ocrx_word' id='word_1_114' title='bbox 1313 1122 1470 1155; x_wconf 89' lang='lat' dir='ltr'>tantum</span> 
     </span>
     <span class='ocr_line' id='line_1_18' title="bbox 305 1180 1468 1229; baseline -0.002 -10"><span class='ocrx_word' id='word_1_115' title='bbox 305 1185 445 1229; x_wconf 82' lang='lat' dir='ltr'>patior,</span> <span class='ocrx_word' id='word_1_116' title='bbox 467 1181 746 1228; x_wconf 89' lang='lat' dir='ltr'>philosophum</span> <span class='ocrx_word' id='word_1_117' title='bbox 766 1181 873 1227; x_wconf 90' lang='lat' dir='ltr'>loqui</span> <span class='ocrx_word' id='word_1_118' title='bbox 894 1181 944 1218; x_wconf 90' lang='lat' dir='ltr'>de</span> <span class='ocrx_word' id='word_1_119' title='bbox 966 1181 1249 1227; x_wconf 88' lang='lat' dir='ltr'>cupiditatibus</span> <span class='ocrx_word' id='word_1_120' title='bbox 1275 1180 1468 1217; x_wconf 90' lang='lat' dir='ltr'>finiendis.</span> 
     </span>
     <span class='ocr_line' id='line_1_19' title="bbox 307 1243 1472 1292; baseline -0.003 -9"><span class='ocrx_word' id='word_1_121' title='bbox 307 1246 371 1282; x_wconf 90' lang='lat' dir='ltr'>An</span> <span class='ocrx_word' id='word_1_122' title='bbox 392 1250 526 1292; x_wconf 88' lang='lat' dir='ltr'>potest</span> <span class='ocrx_word' id='word_1_123' title='bbox 547 1244 742 1290; x_wconf 86' lang='lat' dir='ltr'>cupiditas</span> <span class='ocrx_word' id='word_1_124' title='bbox 763 1245 891 1281; x_wconf 84' lang='lat' dir='ltr'>finiri?</span> <span class='ocrx_word' id='word_1_125' title='bbox 948 1243 1142 1281; x_wconf 90' lang='lat' dir='ltr'>Tollenda</span> <span class='ocrx_word' id='word_1_126' title='bbox 1169 1249 1231 1282; x_wconf 85' lang='lat' dir='ltr'>est</span> <span class='ocrx_word' id='word_1_127' title='bbox 1256 1249 1376 1289; x_wconf 86' lang='lat' dir='ltr'>atque</span> <span class='ocrx_word' id='word_1_128' title='bbox 1405 1257 1472 1280; x_wconf 88' lang='lat' dir='ltr'>ex-</span> 
     </span>
     <span class='ocr_line' id='line_1_20' title="bbox 306 1307 1470 1353; baseline -0.003 -7"><span class='ocrx_word' id='word_1_129' title='bbox 306 1308 502 1346; x_wconf 88' lang='lat' dir='ltr'>trahenda</span> <span class='ocrx_word' id='word_1_130' title='bbox 521 1308 720 1345; x_wconf 86' lang='lat' dir='ltr'>radicitus.</span> <span class='ocrx_word' id='word_1_131' title='bbox 781 1307 879 1353; x_wconf 85' lang='lat' dir='ltr'>Quis</span> <span class='ocrx_word' id='word_1_132' title='bbox 901 1312 962 1344; x_wconf 84' lang='lat' dir='ltr'>est</span> <span class='ocrx_word' id='word_1_133' title='bbox 983 1311 1089 1344; x_wconf 88' lang='lat' dir='ltr'>enim</span> <span class='ocrx_word' id='word_1_134' title='bbox 1115 1310 1157 1344; x_wconf 91' lang='lat' dir='ltr'>in</span> <span class='ocrx_word' id='word_1_135' title='bbox 1183 1320 1261 1353; x_wconf 90' lang='lat' dir='ltr'>quo</span> <span class='ocrx_word' id='word_1_136' title='bbox 1287 1310 1338 1344; x_wconf 88' lang='lat' dir='ltr'>sit</span> <span class='ocrx_word' id='word_1_137' title='bbox 1365 1309 1470 1352; x_wconf 87' lang='lat' dir='ltr'>cupi-</span> 
     </span>
     <span class='ocr_line' id='line_1_21' title="bbox 306 1370 1473 1417; baseline -0.003 -8"><span class='ocrx_word' id='word_1_138' title='bbox 306 1371 422 1417; x_wconf 89' lang='lat' dir='ltr'>ditas,</span> <span class='ocrx_word' id='word_1_139' title='bbox 438 1373 535 1417; x_wconf 90' lang='lat' dir='ltr'>quin</span> <span class='ocrx_word' id='word_1_140' title='bbox 550 1375 660 1408; x_wconf 86' lang='lat' dir='ltr'>recte</span> <span class='ocrx_word' id='word_1_141' title='bbox 676 1370 841 1416; x_wconf 89' lang='lat' dir='ltr'>cupidus</span> <span class='ocrx_word' id='word_1_142' title='bbox 858 1370 935 1407; x_wconf 91' lang='lat' dir='ltr'>dici</span> <span class='ocrx_word' id='word_1_143' title='bbox 950 1373 1074 1416; x_wconf 87' lang='lat' dir='ltr'>possit</span> <span class='ocrx_word' id='word_1_144' title='bbox 1088 1371 1103 1407; x_wconf 86' lang='lat'>?</span> <span class='ocrx_word' id='word_1_145' title='bbox 1159 1370 1265 1416; x_wconf 89' lang='lat' dir='ltr'>Ergo</span> <span class='ocrx_word' id='word_1_146' title='bbox 1281 1374 1323 1406; x_wconf 92' lang='lat' dir='ltr'>et</span> <span class='ocrx_word' id='word_1_147' title='bbox 1337 1382 1473 1405; x_wconf 89' lang='lat' dir='ltr'>avarus</span> 
     </span>
     <span class='ocr_line' id='line_1_22' title="bbox 308 1432 1473 1480; baseline -0.003 -8"><span class='ocrx_word' id='word_1_148' title='bbox 308 1438 397 1480; x_wconf 84' lang='lat' dir='ltr'>erit,</span> <span class='ocrx_word' id='word_1_149' title='bbox 418 1434 488 1471; x_wconf 86' lang='lat' dir='ltr'>sed</span> <span class='ocrx_word' id='word_1_150' title='bbox 509 1433 635 1479; x_wconf 89' lang='lat' dir='ltr'>finite,</span> <span class='ocrx_word' id='word_1_151' title='bbox 655 1437 697 1470; x_wconf 89' lang='lat' dir='ltr'>et</span> <span class='ocrx_word' id='word_1_152' title='bbox 716 1433 886 1479; x_wconf 85' lang='lat' dir='ltr'>adulter,</span> <span class='ocrx_word' id='word_1_153' title='bbox 903 1446 1040 1470; x_wconf 86' lang='lat' dir='ltr'>verum</span> <span class='ocrx_word' id='word_1_154' title='bbox 1059 1432 1224 1470; x_wconf 86' lang='lat' dir='ltr'>habebit</span> <span class='ocrx_word' id='word_1_155' title='bbox 1239 1432 1415 1478; x_wconf 88' lang='lat' dir='ltr'>modum,</span> <span class='ocrx_word' id='word_1_156' title='bbox 1432 1437 1473 1468; x_wconf 90' lang='lat' dir='ltr'>et</span> 
     </span>
     <span class='ocr_line' id='line_1_23' title="bbox 305 1495 1476 1542; baseline -0.003 -7"><span class='ocrx_word' id='word_1_157' title='bbox 305 1498 526 1535; x_wconf 87' lang='lat' dir='ltr'>luxuriosus</span> <span class='ocrx_word' id='word_1_158' title='bbox 554 1496 696 1534; x_wconf 89' lang='lat' dir='ltr'>eodem</span> <span class='ocrx_word' id='word_1_159' title='bbox 711 1496 839 1533; x_wconf 92' lang='lat' dir='ltr'>modo.</span> <span class='ocrx_word' id='word_1_160' title='bbox 899 1495 1036 1542; x_wconf 85' lang='lat' dir='ltr'>Qualis</span> <span class='ocrx_word' id='word_1_161' title='bbox 1055 1498 1131 1533; x_wconf 90' lang='lat' dir='ltr'>ista</span> <span class='ocrx_word' id='word_1_162' title='bbox 1149 1495 1396 1542; x_wconf 90' lang='lat' dir='ltr'>philosophia</span> <span class='ocrx_word' id='word_1_163' title='bbox 1413 1499 1476 1531; x_wconf 77' lang='lat' dir='ltr'>est</span> 
     </span>
     <span class='ocr_line' id='line_1_24' title="bbox 306 1558 1471 1607; baseline -0.004 -9"><span class='ocrx_word' id='word_1_164' title='bbox 306 1574 407 1607; x_wconf 89' lang='lat' dir='ltr'>quae</span> <span class='ocrx_word' id='word_1_165' title='bbox 427 1573 507 1597; x_wconf 89' lang='lat' dir='ltr'>non</span> <span class='ocrx_word' id='word_1_166' title='bbox 527 1562 734 1597; x_wconf 89' lang='lat' dir='ltr'>interitum</span> <span class='ocrx_word' id='word_1_167' title='bbox 754 1559 891 1597; x_wconf 88' lang='lat' dir='ltr'>afferat</span> <span class='ocrx_word' id='word_1_168' title='bbox 909 1562 1114 1605; x_wconf 81' lang='lat' dir='ltr'>pravitatis</span> <span class='ocrx_word' id='word_1_169' title='bbox 1130 1558 1200 1596; x_wconf 90' lang='lat' dir='ltr'>sed</span> <span class='ocrx_word' id='word_1_170' title='bbox 1215 1561 1266 1596; x_wconf 89' lang='lat' dir='ltr'>sit</span> <span class='ocrx_word' id='word_1_171' title='bbox 1282 1563 1471 1595; x_wconf 87' lang='lat' dir='ltr'>contenta</span> 
     </span>
     <span class='ocr_line' id='line_1_25' title="bbox 305 1621 1470 1668; baseline -0.003 -7"><span class='ocrx_word' id='word_1_172' title='bbox 305 1623 581 1661; x_wconf 85' lang='lat' dir='ltr'>mediocritate</span> <span class='ocrx_word' id='word_1_173' title='bbox 602 1622 811 1659; x_wconf 82' lang='lat' dir='ltr'>vitiorum?</span> <span class='ocrx_word' id='word_1_174' title='bbox 868 1621 1119 1668; x_wconf 83' lang='lat' dir='ltr'>Quamquam</span> <span class='ocrx_word' id='word_1_175' title='bbox 1133 1624 1174 1658; x_wconf 93' lang='lat' dir='ltr'>in</span> <span class='ocrx_word' id='word_1_176' title='bbox 1190 1621 1263 1658; x_wconf 86' lang='lat' dir='ltr'>hac</span> <span class='ocrx_word' id='word_1_177' title='bbox 1280 1621 1470 1658; x_wconf 87' lang='lat' dir='ltr'>divisione</span> 
     </span>
     <span class='ocr_line' id='line_1_26' title="bbox 306 1684 1471 1732; baseline -0.003 -8"><span class='ocrx_word' id='word_1_178' title='bbox 306 1699 391 1724; x_wconf 87' lang='lat' dir='ltr'>rem</span> <span class='ocrx_word' id='word_1_179' title='bbox 410 1689 536 1732; x_wconf 90' lang='lat' dir='ltr'>ipsam</span> <span class='ocrx_word' id='word_1_180' title='bbox 555 1699 712 1732; x_wconf 84' lang='lat' dir='ltr'>prorsus</span> <span class='ocrx_word' id='word_1_181' title='bbox 731 1686 868 1732; x_wconf 84' lang='lat' dir='ltr'>probo,</span> <span class='ocrx_word' id='word_1_182' title='bbox 889 1685 1130 1731; x_wconf 88' lang='lat' dir='ltr'>elegantiam</span> <span class='ocrx_word' id='word_1_183' title='bbox 1149 1684 1341 1722; x_wconf 87' lang='lat' dir='ltr'>desidero.</span> <span class='ocrx_word' id='word_1_184' title='bbox 1388 1684 1471 1729; x_wconf 88' lang='lat' dir='ltr'>Ap-</span> 
     </span>
     <span class='ocr_line' id='line_1_27' title="bbox 306 1748 1471 1797; baseline -0.003 -10"><span class='ocrx_word' id='word_1_185' title='bbox 306 1749 431 1797; x_wconf 88' lang='lat' dir='ltr'>pellet</span> <span class='ocrx_word' id='word_1_186' title='bbox 464 1748 563 1786; x_wconf 88' lang='lat' dir='ltr'>haec</span> <span class='ocrx_word' id='word_1_187' title='bbox 597 1748 794 1786; x_wconf 86' lang='lat' dir='ltr'>desideria</span> <span class='ocrx_word' id='word_1_188' title='bbox 826 1753 990 1785; x_wconf 87' lang='lat' dir='ltr'>naturae</span> <span class='ocrx_word' id='word_1_189' title='bbox 1006 1761 1015 1792; x_wconf 92' lang='grc'>;</span> <span class='ocrx_word' id='word_1_190' title='bbox 1059 1748 1288 1794; x_wconf 87' lang='lat' dir='ltr'>cupiditatis</span> <span class='ocrx_word' id='word_1_191' title='bbox 1325 1760 1471 1784; x_wconf 90' lang='lat' dir='ltr'>nomen</span> 
     </span>
     <span class='ocr_line' id='line_1_28' title="bbox 305 1810 1471 1857; baseline -0.003 -8"><span class='ocrx_word' id='word_1_192' title='bbox 305 1817 436 1850; x_wconf 87' lang='lat' dir='ltr'>servet</span> <span class='ocrx_word' id='word_1_193' title='bbox 456 1811 545 1857; x_wconf 87' lang='lat' dir='ltr'>alio,</span> <span class='ocrx_word' id='word_1_194' title='bbox 565 1816 611 1848; x_wconf 89' lang='lat' dir='ltr'>ut</span> <span class='ocrx_word' id='word_1_195' title='bbox 632 1824 720 1848; x_wconf 90' lang='lat' dir='ltr'>eam</span> <span class='ocrx_word' id='word_1_196' title='bbox 744 1825 833 1848; x_wconf 89' lang='lat' dir='ltr'>cum</span> <span class='ocrx_word' id='word_1_197' title='bbox 860 1811 911 1848; x_wconf 90' lang='lat' dir='ltr'>de</span> <span class='ocrx_word' id='word_1_198' title='bbox 937 1813 1112 1856; x_wconf 85' lang='lat' dir='ltr'>avaritia,</span> <span class='ocrx_word' id='word_1_199' title='bbox 1133 1823 1222 1847; x_wconf 92' lang='lat' dir='ltr'>cum</span> <span class='ocrx_word' id='word_1_200' title='bbox 1249 1810 1300 1847; x_wconf 92' lang='lat' dir='ltr'>de</span> <span class='ocrx_word' id='word_1_201' title='bbox 1326 1812 1471 1846; x_wconf 86' lang='lat' dir='ltr'>intem-</span> 
     </span>
    </p>
   </div>
   <div class='ocr_carea' id='block_1_4' title="bbox 307 1914 1462 1992">
    <p class='ocr_par' dir='ltr' id='par_1_4' title="bbox 307 1914 1462 1992">
     <span class='ocr_line' id='line_1_29' title="bbox 342 1914 1462 1991; baseline -0.003 -44"><span class='ocrx_word' id='word_1_202' title='bbox 342 1917 354 1968; x_wconf 44' lang='grc' dir='ltr'>Ι)</span> <span class='ocrx_word' id='word_1_203' title='bbox 369 1917 517 1991; x_wconf 46' lang='lat' dir='ltr'>kqlugfdsge</span> <span class='ocrx_word' id='word_1_204' title='bbox 533 1916 571 1947; x_wconf 80' lang='lat' dir='ltr'>in</span> <span class='ocrx_word' id='word_1_205' title='bbox 588 1927 672 1947; x_wconf 82' lang='lat' dir='ltr'>cena</span> <span class='ocrx_word' id='word_1_206' title='bbox 689 1916 796 1947; x_wconf 86' lang='lat' dir='ltr'>Thos.</span> <span class='ocrx_word' id='word_1_207' title='bbox 815 1916 982 1957; x_wconf 84' lang='lat' dir='ltr'>Bentley;</span> <span class='ocrx_word' id='word_1_208' title='bbox 1007 1926 1084 1947; x_wconf 84' lang='lat' dir='ltr'>cum</span> <span class='ocrx_word' id='word_1_209' title='bbox 1100 1914 1196 1946; x_wconf 79' lang='lat' dir='ltr'>idne</span> <span class='ocrx_word' id='word_1_210' title='bbox 1212 1914 1250 1945; x_wconf 81' lang='lat' dir='ltr'>in</span> <span class='ocrx_word' id='word_1_211' title='bbox 1267 1925 1350 1945; x_wconf 82' lang='lat' dir='ltr'>cena</span> <span class='ocrx_word' id='word_1_212' title='bbox 1369 1914 1462 1945; x_wconf 86' lang='lat' dir='ltr'>Mdv.</span> 
     </span>
     <span class='ocr_line' id='line_1_30' title="bbox 307 1966 509 1992; baseline -0.01 0"><span class='ocrx_word' id='word_1_213' title='bbox 307 1966 367 1992; x_wconf 79' lang='lat' dir='ltr'>wit</span> <span class='ocrx_word' id='word_1_214' title='bbox 476 1982 483 1990; x_wconf 71' lang='grc'>.</span> <span class='ocrx_word' id='word_1_215' title='bbox 502 1982 509 1990; x_wconf 95' lang='grc'><strong>.</strong></span> 
     </span>
    </p>
   </div>
   <div class='ocr_carea' id='block_1_5' title="bbox 409 2050 1120 2139">
    <p class='ocr_par' dir='ltr' id='par_1_5' title="bbox 409 2050 1120 2139">
     <span class='ocr_line' id='line_1_31' title="bbox 637 2050 1120 2090; baseline -0.002 -9"><span class='ocrx_word' id='word_1_216' title='bbox 637 2051 729 2082; x_wconf 81' lang='lat' dir='ltr'>aSee</span> <span class='ocrx_word' id='word_1_217' title='bbox 746 2054 828 2081; x_wconf 85' lang='lat' dir='ltr'>note</span> <span class='ocrx_word' id='word_1_218' title='bbox 844 2060 888 2081; x_wconf 89' lang='lat' dir='ltr'>on</span> <span class='ocrx_word' id='word_1_219' title='bbox 907 2050 971 2081; x_wconf 88' lang='lat' dir='ltr'>Bk.</span> <span class='ocrx_word' id='word_1_220' title='bbox 992 2050 1017 2080; x_wconf 92' lang='grc' dir='ltr'>Ι.</span> <span class='ocrx_word' id='word_1_221' title='bbox 1037 2051 1053 2088; x_wconf 69' lang='grc' dir='ltr'><strong>ἓ</strong></span> <span class='ocrx_word' id='word_1_222' title='bbox 1068 2057 1120 2090; x_wconf 82' lang='lat'>45.</span> 
     </span>
     <span class='ocr_line' id='line_1_32' title="bbox 409 2106 484 2139; baseline -0.027 0"><span class='ocrx_word' id='word_1_223' title='bbox 409 2106 484 2139; x_wconf 76' lang='lat'>112</span> 
     </span>
    </p>
   </div>
  </div>
 </body>
</html>
