1574 2364
221 1011 271 1043 44

605 144 800 181 CICERO
832 144 906 181 DE
936 145 1156 182 FINIBUS

296 222 505 261 voluerunt
518 228 563 260 ut
577 237 663 260 eam
677 236 808 260 rerum
822 223 1036 261 selectione
1051 223 1413 270 exspoliarent‚nec
1427 227 1463 261 ei

297 294 510 340 quidquam
527 300 596 331 aut
611 295 717 332 unde
734 297 903 332 oriretur
918 295 1061 332 darent
1080 300 1150 332 aut
1169 296 1236 332 ubi
1256 298 1466 340 niteretur,

298 369 484 403 virtutem
523 368 647 411 ipsam
687 379 804 411 quam
843 366 1170 412 amplexabantur
1209 366 1465 403 sustulerunt.

298 437 442 473 Erillus
474 442 608 474 autem
642 436 692 473 ad
727 440 933 473 scientiam
965 440 1096 474 omnia
1128 450 1316 474 revocans
1345 450 1467 473 unum

299 508 496 553 quoddam
517 509 663 544 bonum
681 508 792 554 vidit,
810 508 879 545 sed
900 521 974 545 nec
995 510 1188 554 optimum
1204 521 1278 545 nec
1295 521 1372 553 quo
1388 510 1467 544 vita

297 580 508 625 gubernari
539 582 671 625 possit.
733 579 873 625 Itaque
909 579 972 615 hic
1000 582 1084 625 ipse
1115 582 1192 615 iam
1224 579 1377 625 pridem
1406 583 1467 615 est

299 653 487 693 reiectus3
516 655 606 696 post
627 653 733 687 enim
755 650 1018 696 Chrysippum
1038 663 1119 686 non
1139 663 1232 687 sane
1254 655 1315 686 est
1334 649 1467 695 dispu-

301 726 437 758 tatum.

354 792 459 828 XIV.
484 783 508 799 “
522 793 692 830 Restatis
706 796 826 838 igitur
840 806 905 829 vos
918 805 926 836 3
943 806 1034 829 nam
1048 806 1137 830 cum
1151 792 1398 830 Academicis
1412 795 1471 829 in-

302 869 407 901 certa
420 863 585 900 luctatio
599 869 671 908 est,
686 866 752 909 qui
769 864 866 900 nihil
881 865 1075 900 affirmant
1088 869 1130 900 et
1143 867 1251 909 quasi
1265 864 1474 910 desperata

300 937 526 980 cognitione
562 938 659 971 certi
695 934 734 971 id
770 938 879 980 sequi
913 934 1050 971 volunt
1081 934 1357 980 quodcumque
1390 937 1472 971 veri

302 1007 427 1043 simile
458 1006 647 1042 videatur.
709 1007 805 1042 Cum
838 1006 1007 1052 Epicuro
1034 1011 1167 1043 autem
1195 1006 1269 1042 hoc
1296 1006 1383 1052 plus
1411 1011 1472 1043 est

302 1080 438 1123 negoti
464 1077 566 1123 quod
597 1090 618 1114 e
643 1077 790 1123 duplici
822 1091 969 1123 genere
998 1078 1210 1123 voluptatis
1237 1080 1469 1114 coniunctus

305 1154 377 1194 est,
394 1149 578 1194 quodque
600 1153 641 1185 et
661 1151 744 1194 ipse
762 1153 803 1185 et
818 1151 931 1185 amici
949 1152 1032 1185 eius
1053 1154 1095 1185 et
1114 1148 1229 1185 multi
1250 1153 1386 1194 postea
1402 1148 1470 1185 de-

304 1221 480 1257 fensores
501 1223 583 1257 eius
604 1223 828 1257 sententiae
850 1220 1024 1265 fuerunt,
1046 1225 1087 1257 et
1111 1223 1243 1257 nescio
1263 1219 1474 1265 quomodo,

306 1294 337 1328 is
361 1294 427 1337 qui
454 1294 732 1328 auctoritatem
760 1294 963 1327 minimam
991 1291 1124 1336 habet,
1149 1294 1359 1327 maximam
1383 1294 1475 1336 vim,

306 1361 472 1408 populus
494 1375 582 1397 cum
604 1361 680 1397 illis
701 1361 804 1397 facit.
867 1360 975 1406 Quos
995 1363 1069 1397 nisi
1090 1361 1375 1406 redarguimus,
1395 1374 1477 1397 om-

306 1432 366 1465 nis
396 1430 531 1473 virtus,
562 1441 678 1464 omne
709 1427 842 1472 decus,
871 1430 997 1463 omnis
1026 1440 1118 1464 vera
1146 1427 1230 1463 laus
1259 1427 1478 1463 deserenda

307 1501 377 1533 est.
441 1495 501 1531 Ita
535 1499 757 1531 ceterorum
793 1497 1002 1531 sententiis
1037 1497 1210 1538 semotis,
1240 1493 1476 1539 relinquitur

307 1575 385 1598 non
415 1561 511 1597 mihi
541 1574 628 1597 cum
659 1561 858 1605 Torquato
888 1560 957 1596 sed
986 1562 1123 1596 virtuti
1153 1573 1241 1596 cum
1272 1559 1474 1605 voluptate

308 1630 482 1665 certatio.
533 1626 662 1672 Quam
679 1626 839 1672 quidem
857 1629 1117 1663 certationem
1137 1626 1255 1662 homo
1276 1631 1317 1662 et
1337 1630 1475 1663 acutus

308 1701 350 1731 et
383 1694 565 1739 diligens,
598 1694 851 1738 Chrysippus,
883 1706 962 1728 non
997 1696 1231 1736 contemnit,
1266 1697 1475 1738 totumque

308 1762 519 1798 discrimen
545 1762 686 1796 summi
712 1760 803 1795 boni
828 1763 868 1795 in
894 1772 1027 1795 earum
1055 1761 1347 1804 comparatione
1375 1762 1476 1804 posi-

307 1834 392 1865 tum
417 1831 541 1873 putat.
603 1826 688 1871 Ego
712 1831 846 1862 autem
874 1828 1068 1869 existimo,
1093 1828 1124 1862 si
1152 1825 1362 1861 honestum
1390 1839 1475 1862 esse

306 1893 452 1939 aliquid
469 1892 680 1929 ostendero
696 1892 799 1937 quod
821 1895 872 1928 sit
891 1894 1019 1937 ipsum
1035 1905 1103 1927 sua
1118 1894 1154 1927 vi
1176 1897 1338 1937 propter
1353 1904 1473 1937 seque

305 1959 588 2006 expetendum,
616 1962 742 1994 iacere
771 1963 900 1994 vestra
927 1961 1066 1994 omnia.
1129 1957 1268 2003 Itaque
1289 1970 1336 1994 eo
1356 1957 1470 2003 quale

303 2031 353 2064 sit
378 2027 550 2063 breviter
576 2029 621 2061 ut
647 2029 805 2069 tempus
832 2023 1007 2069 postulat
1033 2026 1262 2067 constituto,
1283 2023 1467 2060 accedam

415 2085 490 2118 130
