1574 2364
231 606 276 638 41

613 169 809 206 CICERO
840 169 915 206 DE
945 169 1165 207 FINIBUS

311 246 485 292 perabile
508 250 569 283 est
587 259 659 291 per
679 259 720 283 se
741 248 883 292 ipsum,
904 246 945 283 id
966 260 1012 283 eo
1032 250 1116 292 ipso
1137 249 1277 283 vitium
1302 249 1479 283 nomina·

312 322 397 354 tum
418 322 529 363 puto,
549 317 613 354 vel
635 320 755 354 etiam
780 331 802 353 a
826 320 922 354 vitio
949 318 1100 355 dictum
1127 320 1352 364 vituperari.
1411 318 1479 356 Sin

314 387 448 424 κακίαν
478 388 671 425 malitiam
691 389 868 434 dixisses,
890 389 939 426 ad
960 389 1067 426 aliud
1087 402 1158 426 nos
1184 402 1308 426 unum
1329 394 1481 426 certum

313 462 451 496 vitium
487 459 732 496 consuetudo
768 460 910 496 Latina
944 460 1193 504 traduceret3
1231 473 1337 496 nunc
1375 462 1482 497 omni

311 533 448 568 virtuti
470 533 610 567 vitium
631 534 826 567 contrario
847 534 1008 568 nomine
1029 531 1280 577 opponitur.''

367 601 469 638 Tum
497 601 584 638 ille:
606 592 717 638 “His
738 604 861 647 igitur
881 605 936 638 ita
957 602 1132 648 positis,'’
1155 604 1297 648 inquit,
1320 592 1481 648 “sequi-

312 678 377 710 tur
396 686 540 718 magna
560 676 778 718 contentio,
796 687 914 718 quam
935 670 1162 710 tractatam1
1174 684 1195 706 a
1209 673 1481 718 Peripateticis

311 744 469 781 mollius
500 736 581 788 (est
620 747 727 781 enim
766 758 902 781 eorum
934 745 1180 782 consuetudo
1211 745 1370 782 dicendi
1400 758 1480 781 non

311 818 404 853 satis
425 821 541 852 acuta
561 821 724 862 propter
739 818 1031 861 ignorationem
1047 808 1298 860 dialecticae)
1314 816 1480 853 Carnea-

312 888 382 925 des
403 893 495 924 tuus
517 890 679 933 egregia
699 887 869 933 quadam
892 890 1178 924 exercitatione
1199 890 1239 923 in
1264 887 1482 924 dialecticis

312 971 543 1004 summaque
579 958 808 1004 eloquentia
842 971 926 995 rem
961 961 1003 995 in
1037 972 1234 995 summum
1269 958 1481 996 discrimen

311 1031 489 1076 adduxit,
524 1035 733 1076 propterea
768 1030 873 1075 quod
912 1043 1089 1076 pugnare
1128 1043 1208 1066 non
1247 1029 1403 1067 destitit
1440 1033 1481 1067 in

312 1104 418 1138 omni
430 1101 504 1137 hac
518 1104 749 1146 quaestione
764 1114 863 1146 quae
880 1101 930 1138 de
947 1102 1059 1138 bonis
1075 1106 1117 1138 et
1132 1101 1243 1138 malis
1259 1101 1483 1148 appelletur

312 1186 391 1209 non
427 1185 511 1209 esse
546 1185 678 1209 rerum
712 1172 854 1209 Stoicis
888 1186 978 1208 cum
1014 1172 1290 1218 Peripateticis
1325 1178 1480 1210 contro-

311 1247 478 1281 versiam
499 1243 568 1280 sed
589 1246 805 1280 nominum.
830 1243 931 1280 Mihi
952 1248 1087 1280 autem
1108 1243 1207 1280 nihil
1227 1249 1310 1280 tam
1329 1248 1479 1291 perspi-

312 1330 428 1352 cuum
456 1316 613 1352 videtur
640 1329 757 1360 quam
786 1315 856 1351 has
886 1317 1106 1352 sententias
1139 1328 1274 1352 eorum
1307 1315 1477 1361 philoso-

312 1387 480 1433 phorum
518 1400 560 1423 re
595 1389 700 1423 inter
734 1400 775 1424 se
808 1390 932 1432 magis
963 1400 1079 1432 quam
1109 1387 1238 1423 verbis
1267 1387 1478 1432 dissidere3

312 1461 500 1495 maiorem
520 1458 646 1495 multo
668 1461 773 1495 inter
794 1458 946 1495 Stoicos
974 1463 1015 1494 et,
1044 1458 1327 1504 Peripateticos
1347 1472 1477 1496 rerum

313 1539 397 1562 esse
424 1528 485 1561 aio
512 1525 819 1570 discrepantiam
841 1538 959 1570 quam
979 1525 1201 1570 verborum,
1222 1527 1368 1571 quippe
1389 1539 1478 1562 cum

315 1592 568 1637 Peripatetici
588 1594 719 1628 omnia
736 1605 836 1637 quae
853 1594 926 1637 ipsi
943 1591 1046 1627 bona
1059 1591 1263 1637 appellant
1278 1594 1479 1637 pertinere

312 1658 447 1694 dicant
467 1657 516 1694 ad
537 1658 654 1694 beate
676 1657 904 1702 vivendum,
927 1660 1051 1694 nostri
1073 1670 1152 1693 non
1173 1670 1222 1693 ex
1243 1660 1349 1694 omni
1376 1657 1479 1703 quod

309 1727 585 1761 aestimatione
599 1724 729 1769 aliqua
742 1724 908 1769 dignum
922 1727 973 1760 sit
985 1724 1175 1769 compleri
1189 1726 1309 1761 vitam
1323 1724 1479 1761 beatam

310 1796 465 1836 putent.

364 1856 477 1892 XIII.
511 1847 614 1891 “An
653 1869 745 1892 vero
784 1859 929 1892 certius
969 1855 1183 1901 quidquam
1222 1861 1355 1901 potest
1393 1869 1477 1894 esse

308 1937 424 1969 quam
452 1923 607 1959 illorum
634 1925 786 1958 ratione
814 1925 879 1967 qui
907 1922 1082 1958 dolorem
1112 1925 1153 1958 in
1182 1923 1294 1959 malis
1323 1930 1477 1969 ponunt

307 2004 387 2027 non
414 2002 526 2035 posse
557 1992 778 2034 sapientem
808 1989 970 2025 beatum
1000 2001 1085 2026 esse
1115 2002 1205 2025 cum
1235 1989 1372 2026 eculeo
1396 1995 1475 2026 tor-

306 2057 502 2102 queatur?
560 2055 707 2092 Eorum
730 2060 866 2092 autem
893 2057 959 2100 qui
987 2055 1163 2092 dolorem
1189 2058 1231 2092 in
1257 2056 1369 2092 malis
1395 2069 1475 2093 non

620 2113 634 2134 ¹
644 2118 724 2157 'qua
738 2116 882 2152 tractata
896 2115 909 2148 2
928 2113 1035 2147 Reid.

414 2159 491 2197 260
