1574 2364
163 541 207 580 91

166 1068 215 1106 99

550 150 745 188 CICERO
776 150 850 188 DE
881 151 1100 190 FINIBUS

243 233 349 267 onim
370 230 535 275 diceret,
555 229 675 275 idque
706 230 923 277 Socratem,
944 234 1010 277 qui
1031 232 1276 278 voluptatem
1297 233 1406 270 nullo

243 293 328 330 loco
365 297 561 337 numerat,
593 293 710 330 audio
748 293 963 340 dicentem,
994 296 1070 331 cibi
1109 296 1408 333 condimentum

244 369 329 394 esse
350 356 509 401 famem,
531 359 701 401 potionis
721 359 838 394 sitim.
899 357 978 395 Sed
1006 361 1071 404 qui
1093 358 1141 395 ad
1166 359 1407 405 voluptatem

244 422 374 456 omnia
394 419 570 456 referens
592 422 687 456 vivit
713 425 758 457 ut
784 420 1001 466 Gallonius,
1022 421 1196 467 loquitur
1216 427 1261 459 ut
1289 423 1406 468 Frugi

243 478 310 514 ille
344 478 444 522 Piso,
472 490 551 513 non
582 477 712 523 audio,
739 491 814 515 nec
842 491 932 515 eum
962 479 1066 524 quod
1099 483 1247 517 sentiat
1273 481 1404 518 dicere

244 539 435 572 existimo.
508 536 718 573 Naturales
757 536 912 573 divitias
950 537 1051 574 dixit
1089 539 1280 583 parabiles
1320 552 1404 576 esse

244 595 349 640 quod
370 607 488 640 parvo
508 599 613 631 esset
632 600 773 631 natura
793 601 991 632 contenta.
1039 596 1169 642 Certe,
1196 600 1269 634 nisi
1296 597 1403 634 volu—

244 659 397 699 ptatem
417 656 519 690 tanti
538 655 809 690 aestimaretis.
870 654 960 690 Non
980 657 1118 699 minor,
1139 659 1281 701 inquit,
1298 656 1404 692 volu-

244 717 332 758 ptas
348 714 564 757 percipitur
583 724 631 748 ex
652 711 845 748 vilissimis
865 712 982 749 rebus
1002 726 1119 758 quam
1139 726 1187 750 ex
1207 717 1406 760 pretiosis-

246 773 362 807 simis.
412 770 501 806 Hoc
529 775 591 807 est
620 783 699 806 non
729 771 846 807 modo
876 784 941 807 cor
970 784 1049 808 non
1080 772 1226 809 habere
1255 772 1325 809 sed
1354 785 1405 810 ne

245 829 421 875 palatum
442 828 612 873 quidem.
673 827 751 874 Qui
780 832 886 865 enim
906 829 1152 875 voluptatem
1172 834 1295 876 ipsam
1317 844 1408 867 con-

246 892 446 931 temnunt,
463 890 508 923 iis
528 886 622 923 licet
642 886 773 923 dicere
795 901 835 924 se
855 890 1125 933 acipenserem
1145 902 1308 926 maenae
1330 903 1408 927 non

245 951 510 991 anteponere;
540 948 602 981 cui
623 958 714 981 vero
740 949 781 981 in
806 946 1010 991 voluptate
1038 960 1233 984 summum
1261 948 1407 984 bonum

247 1010 320 1049 est,
342 1004 432 1040 huic
459 1006 589 1039 onmia
615 1016 745 1049 sensu,
772 1017 851 1040 non
882 1008 1034 1041 ratione
1065 1011 1158 1042 sunt
1186 1006 1407 1051 iudicanda,

247 1075 371 1108 eaque
393 1062 561 1098 dicenda
581 1065 729 1107 optima
750 1075 849 1108 quae
871 1068 963 1099 sunt
983 1066 1217 1100 suavissima.
1261 1065 1406 1101 Verum

247 1127 332 1158 esto
343 1134 351 1164 ;
365 1125 627 1166 consequatur
639 1133 808 1157 summas
821 1121 1043 1166 voluptates
1055 1135 1134 1158 non
1147 1122 1264 1159 modo
1276 1136 1407 1168 parvo,

248 1180 317 1218 sed
344 1193 414 1226 per
434 1192 498 1215 me
519 1179 656 1223 nihilo,
677 1182 707 1215 si
728 1185 880 1224 potest;
912 1183 962 1216 sit
982 1180 1161 1226 voluptas
1181 1194 1259 1217 non
1281 1185 1408 1218 minor

248 1242 289 1275 in
310 1240 507 1274 nasturcio
534 1237 601 1273 illo
622 1250 698 1282 quo
720 1240 822 1273 vesci
857 1238 992 1274 Persas
1013 1252 1098 1275 esse
1119 1239 1253 1276 solitos
1274 1241 1409 1277 scribit

249 1295 612 1341 Xenophou,quam
626 1299 665 1331 in
679 1296 930 1341 Syracusanis
943 1300 1088 1333 mensis
1101 1311 1231 1342 quaea
1247 1297 1409 1335 Platone

248 1358 421 1401 graviter
442 1357 734 1399 vituperantur;
769 1357 832 1399 sit,
854 1357 1026 1399 inquam,
1047 1360 1128 1391 tam
1150 1355 1273 1392 facilis
1294 1370 1410 1402 quam

250 1414 367 1450 vultis
381 1415 619 1457 comparatio
636 1412 847 1457 voluptatis
860 1426 867 1456 3
888 1413 983 1457 quid
999 1413 1048 1449 de
1062 1413 1196 1450 dolore
1210 1414 1409 1451 dicemus?

250 1475 358 1508 cuius
390 1476 502 1507 tanta
532 1475 732 1506 tormenta
766 1476 857 1507 sunt
888 1476 933 1507 ut
965 1474 1005 1507 in
1039 1475 1083 1508 iis
1118 1473 1233 1508 beata
1265 1476 1356 1517 vita,
1378 1476 1408 1509 si

249 1530 367 1567 modo
398 1529 509 1565 dolor
539 1541 735 1564 summum
766 1529 912 1565 malum
946 1535 1019 1574 est,
1047 1542 1131 1566 esse
1163 1544 1242 1566 non
1274 1535 1404 1576 possit.

251 1588 341 1634 Ipse
361 1590 467 1623 enim
489 1586 753 1632 Metrodorus,
766 1600 891 1632 paene
907 1587 1008 1623 alter
1028 1587 1231 1633 Epicurus,
1248 1589 1407 1626 beatum

250 1658 335 1683 esse
355 1644 543 1681 describit
563 1644 623 1680 his
644 1644 726 1681 fere
747 1646 894 1681 verbis:
927 1659 1014 1682 cum
1036 1659 1174 1691 corpus
1195 1648 1296 1683 bene
1318 1661 1408 1684 con-

249 1707 433 1741 stitutum
455 1706 505 1738 sit
530 1708 571 1739 et
594 1706 644 1739 sit
671 1703 917 1748 exploratum
944 1707 999 1740 ita
1026 1704 1212 1741 futurum.
1276 1706 1337 1742 An
1369 1706 1409 1742 id

250 1762 497 1807 exploratum
529 1764 710 1805 cuiquam
743 1767 876 1806 potest
908 1775 1005 1807 esse,
1038 1763 1233 1807 quomodo
1264 1776 1305 1800 se
1336 1763 1410 1800 hoc

248 1821 476 1857 habiturum
508 1822 559 1855 sit
593 1832 731 1864 eorpus
763 1833 842 1855 non
874 1820 962 1856 dico
993 1820 1042 1856 ad
1074 1834 1233 1865 annum,
1261 1821 1329 1858 sed
1361 1822 1410 1859 ad

249 1877 481 1923 vesperum?
533 1876 655 1912 Dolor
689 1880 822 1922 igitur,
850 1878 889 1914 id
925 1883 986 1915 est
1019 1892 1215 1915 summum
1249 1880 1409 1925 malum,

463 1987 576 2018 ³Xen.
595 1988 781 2028 Cyropaed.
807 1999 829 2019 1.
852 1999 879 2019 2.
900 1990 929 2020 8.

461 2030 478 2053 b
493 2031 540 2061 Pl.
560 2031 626 2071 Ep.
647 2040 675 2071 7.
699 2032 758 2070 326
777 2031 814 2069 B.
834 2033 910 2063 also
924 2033 1007 2073 Rep.
1025 2043 1087 2073 404
1107 2033 1150 2064 D.

359 2091 433 2123 18⁶2
