1574 2364
545 141 740 178 CICERO
772 141 845 177 DE
876 141 1094 179 FINIBUS

243 236 266 258 a
293 236 370 267 quo
398 224 511 258 initio
540 221 758 266 profectam
786 234 1037 258 communem
1065 221 1227 258 humani
1254 225 1412 268 generis

246 289 479 322 societatem
520 287 803 330 persequimur.
864 283 981 329 Quod
1021 287 1191 330 primum
1231 285 1412 329 intellegi

248 348 370 385 debet
401 348 524 392 figura
553 348 820 392 membrisque
850 361 1070 393 corporum,
1102 361 1201 393 quae
1233 351 1316 394 ipsa
1345 348 1412 384 de-

249 411 413 455 clarant,
435 410 667 455 procreandi
689 423 710 445 a
735 414 876 446 natura
896 410 1073 446 habitam
1095 423 1179 447 esse
1208 413 1412 447 rationem.

249 474 390 519 Neque
413 486 504 510 vero
525 473 622 509 haec
644 476 750 509 inter
770 486 810 509 se
839 485 1057 518 congruere
1086 479 1248 518 possent
1275 478 1320 509 ut
1347 486 1414 509 na-

248 542 337 573 tura
376 541 418 573 et
456 539 651 582 procreari
691 536 814 572 vellet
849 540 890 572 et
924 535 1037 580 diligi
1071 541 1296 581 procreatos
1334 549 1414 572 non

249 604 415 636 curaret.
476 599 610 644 Atque
632 602 752 635 etiam
773 601 814 634 in
836 599 971 635 bestiis
992 601 1048 634 vis
1064 604 1228 635 naturae
1246 602 1414 645 perspici

250 667 403 709 potest3
433 675 599 708 quarum
630 664 671 697 in
703 661 789 698 fetu
822 666 864 698 et
895 664 935 697 in
968 661 1205 698 educatione
1240 662 1414 698 laborem

250 739 340 762 cum
361 728 571 771 cernimus,
588 730 753 761 naturae
775 727 895 770 ipsius
916 737 1054 761 vocem
1071 725 1251 761 videmur
1266 725 1413 761 audire.

251 788 383 834 Quare
405 779 472 824 ut¹
493 790 744 833 perspicuum
767 793 828 823 est
844 792 984 824 natura
1001 800 1071 823 nos
1087 800 1109 822 a
1125 787 1260 823 dolore
1276 787 1416 823 abhor-

251 865 350 896 rere,
372 854 426 887 sic
446 855 611 896 apparet
631 864 652 886 a
673 855 814 887 natura
834 853 917 895 ipsa
944 855 989 886 ut
1017 863 1082 886 eos
1110 863 1206 895 quos
1233 854 1416 895 genueri-

251 928 337 951 mus
375 927 552 950 amemus
586 913 747 959 impelli.
809 913 868 949 Ex
902 913 976 949 hoc
1012 916 1185 949 nascitur
1219 918 1263 949 ut
1297 917 1416 950 etiam

252 981 470 1014 communis
492 977 696 1013 hominum
717 980 822 1013 inter
843 976 1022 1012 homines
1040 976 1228 1012 naturalis
1245 979 1295 1012 sit
1311 990 1415 1013 com-

252 1040 468 1084 mendatio,
499 1045 544 1076 ut
574 1045 756 1085 oporteat
785 1039 987 1075 hominem
1018 1040 1066 1074 ab
1097 1039 1257 1075 homine
1291 1040 1342 1075 ob
1375 1041 1413 1077 id

252 1104 380 1146 ipsum
401 1099 506 1144 quod
527 1098 645 1134 homo
666 1101 716 1134 sit
737 1111 816 1134 non
837 1097 1011 1133 alienum
1033 1097 1166 1134 videri.
1230 1097 1286 1134 Ut
1307 1101 1413 1135 enim

253 1162 292 1194 in
313 1159 500 1194 membris
521 1157 595 1193 alia
616 1162 707 1193 sunt
729 1162 932 1202 tamquam
953 1157 1025 1192 sibi
1046 1161 1151 1201 nata,
1173 1161 1217 1192 ut
1237 1156 1352 1201 oculi,
1370 1162 1415 1193 ut

253 1230 379 1261 aures,
401 1216 475 1252 alia
496 1219 617 1252 etiam
639 1221 862 1252 ceterorum
883 1216 1150 1251 membrorum
1172 1227 1284 1251 usum
1305 1215 1414 1252 adiu-

253 1280 361 1320 vant,
396 1280 440 1311 ut
478 1288 602 1319 crura,
635 1279 679 1310 ut
717 1287 869 1318 manus,
901 1277 954 1310 sic
993 1276 1184 1309 immanes
1223 1273 1416 1318 quaedam

254 1336 404 1371 bestiae
426 1334 498 1369 sibi
521 1333 647 1369 solum
668 1338 785 1369 natae
808 1337 913 1376 sunt,
936 1337 977 1368 at
997 1332 1062 1367 illa
1084 1345 1183 1377 quae
1205 1335 1245 1368 in
1271 1332 1419 1368 concha

254 1393 388 1439 patula
409 1395 501 1438 pina
521 1392 677 1436 dicitur,
693 1394 802 1436 isque
820 1394 886 1436 qui
904 1396 997 1427 enat
1014 1404 1034 1426 e
1052 1391 1214 1435 concha,
1232 1394 1298 1436 qui
1315 1391 1419 1436 quod

255 1465 342 1488 eam
363 1451 537 1487 custodit
558 1453 759 1496 pinoteres
788 1454 961 1494 vocatur,
983 1452 1023 1485 in
1052 1449 1301 1494 eandemque
1331 1462 1420 1485 cum

253 1524 294 1548 se
315 1513 467 1555 recepit
487 1509 716 1553 includitur,
738 1513 783 1545 ut
804 1508 985 1545 videatur
1008 1511 1206 1544 monuisse
1234 1513 1278 1544 ut
1306 1521 1417 1544 cave-

252 1574 327 1614 ret,
348 1572 525 1614 itemque
554 1568 753 1612 formicae,
775 1580 880 1613 apes,
903 1569 1077 1602 ciconiae
1104 1566 1268 1602 aliorum
1296 1569 1414 1602 etiam

598 1640 603 1657 ¹
618 1643 656 1670 ut
673 1639 828 1670 inserted
846 1639 892 1680 by
907 1638 986 1670 edd.

297 1733 353 1762 aA
379 1732 627 1762 reminiscence
652 1732 691 1762 of
711 1732 879 1768 Terence,
906 1731 985 1761 who
1009 1731 1236 1771 humorously
1252 1734 1333 1770 puts
1350 1730 1421 1761 this

255 1776 350 1807 Stoic
369 1780 434 1815 tag
451 1776 523 1806 into
540 1776 598 1805 the
616 1776 736 1805 mouth
754 1774 793 1805 of
813 1774 984 1804 Chremes
1001 1783 1043 1804 as
1066 1784 1111 1804 an
1136 1783 1264 1804 excuse
1288 1773 1342 1803 for
1367 1774 1420 1804 his

255 1819 489 1859 neighbourly
503 1818 686 1859 curiosity:
715 1818 831 1848 Homo
843 1828 932 1854 sum,
949 1817 1092 1848 humani
1106 1816 1152 1846 nil
1165 1827 1186 1846 a
1201 1826 1255 1846 me
1265 1816 1417 1847 alienum

253 1867 350 1903 puto,
370 1862 501 1892 Heaut.
522 1871 573 1901 25,
593 1861 658 1901 Cp.
682 1861 743 1900 13,
765 1861 798 1891 II
821 1871 866 1900 14.

291 1904 314 1928 'b
324 1905 354 1935 A
372 1906 501 1935 mussel
519 1905 551 1934 in
571 1905 690 1934 whose
710 1908 717 1920 ⁸
731 1904 858 1934 beard'
876 1913 898 1933 a
915 1903 1016 1933 small
1034 1901 1119 1933 crab
1137 1901 1166 1932 is
1190 1901 1285 1932 often
1310 1901 1417 1932 found

253 1948 460 1987 entangled.
507 1948 582 1978 The
610 1947 730 1977 notion
762 1946 802 1977 of
827 1946 918 1976 their
945 1945 1170 1986 partnership
1196 1944 1225 1975 is
1251 1945 1358 1975 found
1383 1945 1415 1975 in

251 1991 443 2027 Aristotle;
468 1990 691 2032 Chrysippus
714 1989 920 2020 introduced
948 1990 973 2020 it
1001 1999 1041 2020 as
1067 1999 1112 2019 an
1141 1988 1351 2018 illustration
1381 1988 1413 2018 in

252 2035 383 2065 Ethies.

358 2088 434 2120 QSQ
