<?xml version="1.0" encoding="UTF-8"?>
<!DOCTYPE html PUBLIC "-//W3C//DTD XHTML 1.0 Transitional//EN"
    "http://www.w3.org/TR/xhtml1/DTD/xhtml1-transitional.dtd">
<html xmlns="http://www.w3.org/1999/xhtml" xml:lang="en" lang="en">
 <head>
  <title>
</title>
<meta http-equiv="Content-Type" content="text/html;charset=utf-8" />
  <meta name='ocr-system' content='tesseract 3.04.00' />
  <meta name='ocr-capabilities' content='ocr_page ocr_carea ocr_par ocr_line ocrx_word'/>
</head>
<body>
  <div class='ocr_page' id='page_1' title='image "./definibusbonorum00cice_0066.png"; bbox 0 0 1615 2359; ppageno 0'>
   <div class='ocr_carea' id='block_1_1' title="bbox 233 575 275 608">
    <p class='ocr_par' dir='ltr' id='par_1_1' title="bbox 233 575 275 608">
     <span class='ocr_line' id='line_1_1' title="bbox 233 575 275 608; baseline -0.024 0"><span class='ocrx_word' id='word_1_1' title='bbox 233 575 275 608; x_wconf 85' lang='lat'>31</span> 
     </span>
    </p>
   </div>
   <div class='ocr_carea' id='block_1_2' title="bbox 618 156 1171 198">
    <p class='ocr_par' dir='ltr' id='par_1_2' title="bbox 618 156 1171 198">
     <span class='ocr_line' id='line_1_2' title="bbox 618 156 1171 198; baseline 0.002 -2"><span class='ocrx_word' id='word_1_2' title='bbox 618 156 814 198; x_wconf 87' lang='lat' dir='ltr'>CICERO</span> <span class='ocrx_word' id='word_1_3' title='bbox 847 160 920 196; x_wconf 92' lang='lat' dir='ltr'>DE</span> <span class='ocrx_word' id='word_1_4' title='bbox 951 160 1171 197; x_wconf 92' lang='lat' dir='ltr'>FINIBUS</span> 
     </span>
    </p>
   </div>
   <div class='ocr_carea' id='block_1_3' title="bbox 309 239 1491 2002">
    <p class='ocr_par' dir='ltr' id='par_1_3' title="bbox 309 239 1486 1499">
     <span class='ocr_line' id='line_1_3' title="bbox 309 239 1479 285; baseline -0.002 -9"><span class='ocrx_word' id='word_1_5' title='bbox 309 240 502 285; x_wconf 80' lang='lat' dir='ltr'>quaedam</span> <span class='ocrx_word' id='word_1_6' title='bbox 524 244 565 276; x_wconf 89' lang='lat' dir='ltr'>et</span> <span class='ocrx_word' id='word_1_7' title='bbox 586 242 695 284; x_wconf 81' lang='lat' dir='ltr'>quasi</span> <span class='ocrx_word' id='word_1_8' title='bbox 715 240 893 276; x_wconf 85' lang='lat' dir='ltr'>involuta</span> <span class='ocrx_word' id='word_1_9' title='bbox 913 243 1068 285; x_wconf 81' lang='lat' dir='ltr'>aperiri,</span> <span class='ocrx_word' id='word_1_10' title='bbox 1089 239 1213 276; x_wconf 83' lang='lat' dir='ltr'>altera</span> <span class='ocrx_word' id='word_1_11' title='bbox 1235 243 1416 285; x_wconf 84' lang='lat' dir='ltr'>prompta</span> <span class='ocrx_word' id='word_1_12' title='bbox 1438 243 1479 275; x_wconf 82' lang='lat' dir='ltr'>et</span> 
     </span>
     <span class='ocr_line' id='line_1_4' title="bbox 310 297 1479 351; baseline -0.001 -10"><span class='ocrx_word' id='word_1_13' title='bbox 310 310 447 351; x_wconf 87' lang='lat' dir='ltr'>aperta</span> <span class='ocrx_word' id='word_1_14' title='bbox 467 297 677 349; x_wconf 76' lang='lat' dir='ltr'>indicari.1)</span> <span class='ocrx_word' id='word_1_15' title='bbox 736 305 898 341; x_wconf 86' lang='lat' dir='ltr'>Etenim</span> <span class='ocrx_word' id='word_1_16' title='bbox 919 308 1104 351; x_wconf 86' lang='lat' dir='ltr'>quoniam</span> <span class='ocrx_word' id='word_1_17' title='bbox 1125 305 1313 342; x_wconf 81' lang='lat' dir='ltr'>detractis</span> <span class='ocrx_word' id='word_1_18' title='bbox 1334 304 1384 341; x_wconf 90' lang='lat' dir='ltr'>de</span> <span class='ocrx_word' id='word_1_19' title='bbox 1410 303 1479 340; x_wconf 92' lang='lat' dir='ltr'>ho-</span> 
     </span>
     <span class='ocr_line' id='line_1_5' title="bbox 311 370 1482 417; baseline -0.001 -9"><span class='ocrx_word' id='word_1_20' title='bbox 311 375 417 409; x_wconf 91' lang='lat' dir='ltr'>mine</span> <span class='ocrx_word' id='word_1_21' title='bbox 439 372 617 409; x_wconf 83' lang='lat' dir='ltr'>sensibus</span> <span class='ocrx_word' id='word_1_22' title='bbox 638 371 780 416; x_wconf 82' lang='lat' dir='ltr'>reliqui</span> <span class='ocrx_word' id='word_1_23' title='bbox 800 371 899 408; x_wconf 86' lang='lat' dir='ltr'>nihil</span> <span class='ocrx_word' id='word_1_24' title='bbox 925 377 998 417; x_wconf 85' lang='lat' dir='ltr'>est,</span> <span class='ocrx_word' id='word_1_25' title='bbox 1018 384 1181 408; x_wconf 89' lang='lat' dir='ltr'>necesse</span> <span class='ocrx_word' id='word_1_26' title='bbox 1206 375 1267 408; x_wconf 88' lang='lat' dir='ltr'>est</span> <span class='ocrx_word' id='word_1_27' title='bbox 1291 370 1386 416; x_wconf 89' lang='lat' dir='ltr'>quid</span> <span class='ocrx_word' id='word_1_28' title='bbox 1413 375 1482 406; x_wconf 81' lang='lat' dir='ltr'>aut</span> 
     </span>
     <span class='ocr_line' id='line_1_6' title="bbox 312 436 1482 483; baseline -0.003 -8"><span class='ocrx_word' id='word_1_29' title='bbox 312 438 362 475; x_wconf 85' lang='lat' dir='ltr'>ad</span> <span class='ocrx_word' id='word_1_30' title='bbox 381 443 564 474; x_wconf 80' lang='lat' dir='ltr'>naturam</span> <span class='ocrx_word' id='word_1_31' title='bbox 583 442 652 474; x_wconf 86' lang='lat' dir='ltr'>aut</span> <span class='ocrx_word' id='word_1_32' title='bbox 673 442 809 473; x_wconf 89' lang='lat' dir='ltr'>contra</span> <span class='ocrx_word' id='word_1_33' title='bbox 830 440 880 474; x_wconf 83' lang='lat' dir='ltr'>sit</span> <span class='ocrx_word' id='word_1_34' title='bbox 900 451 922 474; x_wconf 86' lang='lat' dir='ltr'>a</span> <span class='ocrx_word' id='word_1_35' title='bbox 938 442 1079 474; x_wconf 84' lang='lat' dir='ltr'>natura</span> <span class='ocrx_word' id='word_1_36' title='bbox 1093 440 1177 483; x_wconf 89' lang='lat' dir='ltr'>ipsa</span> <span class='ocrx_word' id='word_1_37' title='bbox 1191 437 1364 474; x_wconf 85' lang='lat' dir='ltr'>iudicari.</span> <span class='ocrx_word' id='word_1_38' title='bbox 1425 436 1482 472; x_wconf 88' lang='lat' dir='ltr'>Ea</span> 
     </span>
     <span class='ocr_line' id='line_1_7' title="bbox 310 503 1479 550; baseline -0.003 -9"><span class='ocrx_word' id='word_1_39' title='bbox 310 504 405 550; x_wconf 90' lang='lat' dir='ltr'>quid</span> <span class='ocrx_word' id='word_1_40' title='bbox 436 506 605 550; x_wconf 81' lang='lat' dir='ltr'>percipit</span> <span class='ocrx_word' id='word_1_41' title='bbox 635 508 704 540; x_wconf 84' lang='lat' dir='ltr'>aut</span> <span class='ocrx_word' id='word_1_42' title='bbox 736 503 831 549; x_wconf 90' lang='lat' dir='ltr'>quid</span> <span class='ocrx_word' id='word_1_43' title='bbox 863 503 1024 549; x_wconf 79' lang='lat' dir='ltr'>iudicat,</span> <span class='ocrx_word' id='word_1_44' title='bbox 1056 516 1133 549; x_wconf 89' lang='lat' dir='ltr'>quo</span> <span class='ocrx_word' id='word_1_45' title='bbox 1167 508 1236 540; x_wconf 88' lang='lat' dir='ltr'>aut</span> <span class='ocrx_word' id='word_1_46' title='bbox 1266 508 1379 549; x_wconf 85' lang='lat' dir='ltr'>petat</span> <span class='ocrx_word' id='word_1_47' title='bbox 1409 508 1479 539; x_wconf 87' lang='lat' dir='ltr'>aut</span> 
     </span>
     <span class='ocr_line' id='line_1_8' title="bbox 311 569 1480 616; baseline -0.002 -10"><span class='ocrx_word' id='word_1_48' title='bbox 311 571 437 616; x_wconf 83' lang='lat' dir='ltr'>fugiat</span> <span class='ocrx_word' id='word_1_49' title='bbox 452 570 613 615; x_wconf 80' lang='lat' dir='ltr'>aliquid,</span> <span class='ocrx_word' id='word_1_50' title='bbox 627 575 785 615; x_wconf 88' lang='lat' dir='ltr'>praeter</span> <span class='ocrx_word' id='word_1_51' title='bbox 797 569 1043 615; x_wconf 79' lang='lat' dir='ltr'>voluptatem</span> <span class='ocrx_word' id='word_1_52' title='bbox 1061 574 1101 606; x_wconf 86' lang='lat' dir='ltr'>et</span> <span class='ocrx_word' id='word_1_53' title='bbox 1117 569 1318 606; x_wconf 87' lang='lat' dir='ltr'>dolorem?</span> <span class='ocrx_word' id='word_1_54' title='bbox 1376 569 1480 606; x_wconf 83' lang='lat' dir='ltr'>Sunt</span> 
     </span>
     <span class='ocr_line' id='line_1_9' title="bbox 310 635 1479 682; baseline -0.002 -9"><span class='ocrx_word' id='word_1_55' title='bbox 310 642 444 673; x_wconf 83' lang='lat' dir='ltr'>autem</span> <span class='ocrx_word' id='word_1_56' title='bbox 479 637 638 682; x_wconf 86' lang='lat' dir='ltr'>quidam</span> <span class='ocrx_word' id='word_1_57' title='bbox 673 650 694 672; x_wconf 87' lang='lat' dir='ltr'>e</span> <span class='ocrx_word' id='word_1_58' title='bbox 729 639 872 672; x_wconf 83' lang='lat' dir='ltr'>nostris</span> <span class='ocrx_word' id='word_1_59' title='bbox 906 639 973 682; x_wconf 91' lang='lat' dir='ltr'>qui</span> <span class='ocrx_word' id='word_1_60' title='bbox 1007 636 1104 672; x_wconf 85' lang='lat' dir='ltr'>haec</span> <span class='ocrx_word' id='word_1_61' title='bbox 1139 636 1320 673; x_wconf 80' lang='lat' dir='ltr'>subtilius</span> <span class='ocrx_word' id='word_1_62' title='bbox 1354 635 1479 672; x_wconf 77' lang='lat' dir='ltr'>velint</span> 
     </span>
     <span class='ocr_line' id='line_1_10' title="bbox 311 698 1479 745; baseline -0.001 -9"><span class='ocrx_word' id='word_1_63' title='bbox 311 700 481 745; x_wconf 75' lang='lat' dir='ltr'>tradere,</span> <span class='ocrx_word' id='word_1_64' title='bbox 499 704 539 736; x_wconf 91' lang='lat' dir='ltr'>et</span> <span class='ocrx_word' id='word_1_65' title='bbox 560 704 712 744; x_wconf 79' lang='lat' dir='ltr'><strong>negent</strong></span> <span class='ocrx_word' id='word_1_66' title='bbox 733 702 826 736; x_wconf 86' lang='lat' dir='ltr'>satis</span> <span class='ocrx_word' id='word_1_67' title='bbox 848 712 933 736; x_wconf 88' lang='lat' dir='ltr'>esse</span> <span class='ocrx_word' id='word_1_68' title='bbox 955 699 1050 744; x_wconf 89' lang='lat' dir='ltr'>quid</span> <span class='ocrx_word' id='word_1_69' title='bbox 1071 700 1218 735; x_wconf 88' lang='lat' dir='ltr'>bonum</span> <span class='ocrx_word' id='word_1_70' title='bbox 1235 702 1284 736; x_wconf 91' lang='lat' dir='ltr'>sit</span> <span class='ocrx_word' id='word_1_71' title='bbox 1300 704 1368 735; x_wconf 90' lang='lat' dir='ltr'>aut</span> <span class='ocrx_word' id='word_1_72' title='bbox 1385 698 1479 744; x_wconf 88' lang='lat' dir='ltr'>quid</span> 
     </span>
     <span class='ocr_line' id='line_1_11' title="bbox 310 762 1479 807; baseline -0.003 -7"><span class='ocrx_word' id='word_1_73' title='bbox 310 763 457 800; x_wconf 87' lang='lat' dir='ltr'>malum</span> <span class='ocrx_word' id='word_1_74' title='bbox 488 775 604 798; x_wconf 84' lang='lat' dir='ltr'>sensu</span> <span class='ocrx_word' id='word_1_75' title='bbox 635 762 810 807; x_wconf 85' lang='lat' dir='ltr'>iudicari,</span> <span class='ocrx_word' id='word_1_76' title='bbox 840 762 910 799; x_wconf 87' lang='lat' dir='ltr'>sed</span> <span class='ocrx_word' id='word_1_77' title='bbox 939 765 1070 798; x_wconf 84' lang='lat' dir='ltr'>animo</span> <span class='ocrx_word' id='word_1_78' title='bbox 1102 765 1222 798; x_wconf 78' lang='lat' dir='ltr'>etiam</span> <span class='ocrx_word' id='word_1_79' title='bbox 1253 775 1297 798; x_wconf 88' lang='lat' dir='ltr'>ac</span> <span class='ocrx_word' id='word_1_80' title='bbox 1328 764 1479 798; x_wconf 86' lang='lat' dir='ltr'>ratione</span> 
     </span>
     <span class='ocr_line' id='line_1_12' title="bbox 312 825 1481 871; baseline -0.002 -9"><span class='ocrx_word' id='word_1_81' title='bbox 312 826 494 870; x_wconf 81' lang='lat' dir='ltr'>intellegi</span> <span class='ocrx_word' id='word_1_82' title='bbox 514 838 627 871; x_wconf 82' lang='lat' dir='ltr'>posse</span> <span class='ocrx_word' id='word_1_83' title='bbox 650 830 691 861; x_wconf 89' lang='lat' dir='ltr'>et</span> <span class='ocrx_word' id='word_1_84' title='bbox 712 825 958 870; x_wconf 75' lang='lat' dir='ltr'>voluptatem</span> <span class='ocrx_word' id='word_1_85' title='bbox 985 828 1110 870; x_wconf 84' lang='lat' dir='ltr'>ipsam</span> <span class='ocrx_word' id='word_1_86' title='bbox 1136 838 1206 871; x_wconf 89' lang='lat' dir='ltr'>per</span> <span class='ocrx_word' id='word_1_87' title='bbox 1233 838 1274 862; x_wconf 90' lang='lat' dir='ltr'>se</span> <span class='ocrx_word' id='word_1_88' title='bbox 1302 837 1386 861; x_wconf 89' lang='lat' dir='ltr'>esse</span> <span class='ocrx_word' id='word_1_89' title='bbox 1415 837 1481 860; x_wconf 87' lang='lat' dir='ltr'>ex-</span> 
     </span>
     <span class='ocr_line' id='line_1_13' title="bbox 313 887 1479 934; baseline -0.002 -9"><span class='ocrx_word' id='word_1_90' title='bbox 313 888 530 934; x_wconf 82' lang='lat' dir='ltr'>petendam</span> <span class='ocrx_word' id='word_1_91' title='bbox 551 893 592 924; x_wconf 90' lang='lat' dir='ltr'>et</span> <span class='ocrx_word' id='word_1_92' title='bbox 613 887 789 924; x_wconf 90' lang='lat' dir='ltr'>dolorem</span> <span class='ocrx_word' id='word_1_93' title='bbox 809 890 938 933; x_wconf 87' lang='lat' dir='ltr'>ipsum</span> <span class='ocrx_word' id='word_1_94' title='bbox 960 901 1031 934; x_wconf 92' lang='lat' dir='ltr'>per</span> <span class='ocrx_word' id='word_1_95' title='bbox 1055 901 1095 924; x_wconf 88' lang='lat' dir='ltr'>se</span> <span class='ocrx_word' id='word_1_96' title='bbox 1124 901 1208 924; x_wconf 87' lang='lat' dir='ltr'>csse</span> <span class='ocrx_word' id='word_1_97' title='bbox 1233 887 1479 933; x_wconf 86' lang='lat' dir='ltr'>fugiendum.</span> 
     </span>
     <span class='ocr_line' id='line_1_14' title="bbox 315 950 1484 996; baseline -0.001 -10"><span class='ocrx_word' id='word_1_98' title='bbox 315 951 455 996; x_wconf 87' lang='lat' dir='ltr'>Itaque</span> <span class='ocrx_word' id='word_1_99' title='bbox 476 954 587 987; x_wconf 83' lang='lat' dir='ltr'>aiunt</span> <span class='ocrx_word' id='word_1_100' title='bbox 608 950 710 986; x_wconf 86' lang='lat' dir='ltr'>hanc</span> <span class='ocrx_word' id='word_1_101' title='bbox 731 953 840 995; x_wconf 83' lang='lat' dir='ltr'>quasi</span> <span class='ocrx_word' id='word_1_102' title='bbox 865 950 1087 987; x_wconf 77' lang='lat' dir='ltr'>naturalem</span> <span class='ocrx_word' id='word_1_103' title='bbox 1112 955 1231 996; x_wconf 90' lang='lat' dir='ltr'>atque</span> <span class='ocrx_word' id='word_1_104' title='bbox 1256 953 1413 987; x_wconf 84' lang='lat' dir='ltr'>insitam</span> <span class='ocrx_word' id='word_1_105' title='bbox 1444 952 1484 985; x_wconf 90' lang='lat' dir='ltr'>in</span> 
     </span>
     <span class='ocr_line' id='line_1_15' title="bbox 313 1013 1481 1058; baseline -0.002 -8"><span class='ocrx_word' id='word_1_106' title='bbox 313 1017 453 1050; x_wconf 84' lang='lat' dir='ltr'>animis</span> <span class='ocrx_word' id='word_1_107' title='bbox 473 1016 616 1050; x_wconf 83' lang='lat' dir='ltr'>nostris</span> <span class='ocrx_word' id='word_1_108' title='bbox 638 1016 765 1050; x_wconf 87' lang='lat' dir='ltr'>inesse</span> <span class='ocrx_word' id='word_1_109' title='bbox 786 1015 990 1050; x_wconf 87' lang='lat' dir='ltr'>notionem</span> <span class='ocrx_word' id='word_1_110' title='bbox 1011 1018 1056 1050; x_wconf 91' lang='lat' dir='ltr'>ut</span> <span class='ocrx_word' id='word_1_111' title='bbox 1075 1013 1245 1050; x_wconf 86' lang='lat' dir='ltr'>alterum</span> <span class='ocrx_word' id='word_1_112' title='bbox 1262 1026 1346 1050; x_wconf 89' lang='lat' dir='ltr'>esse</span> <span class='ocrx_word' id='word_1_113' title='bbox 1362 1025 1481 1058; x_wconf 80' lang='lat' dir='ltr'>appe-</span> 
     </span>
     <span class='ocr_line' id='line_1_16' title="bbox 316 1075 1481 1122; baseline -0.003 -9"><span class='ocrx_word' id='word_1_114' title='bbox 316 1076 496 1122; x_wconf 87' lang='lat' dir='ltr'>tendum,</span> <span class='ocrx_word' id='word_1_115' title='bbox 506 1076 675 1113; x_wconf 86' lang='lat' dir='ltr'>alterum</span> <span class='ocrx_word' id='word_1_116' title='bbox 688 1076 978 1122; x_wconf 86' lang='lat' dir='ltr'>aspernandum</span> <span class='ocrx_word' id='word_1_117' title='bbox 991 1079 1216 1113; x_wconf 78' lang='lat' dir='ltr'>sentiamus.</span> <span class='ocrx_word' id='word_1_118' title='bbox 1243 1075 1323 1112; x_wconf 90' lang='lat' dir='ltr'>Alii</span> <span class='ocrx_word' id='word_1_119' title='bbox 1336 1080 1481 1119; x_wconf 83' lang='lat' dir='ltr'>autem,</span> 
     </span>
     <span class='ocr_line' id='line_1_17' title="bbox 317 1139 1482 1186; baseline -0.002 -10"><span class='ocrx_word' id='word_1_120' title='bbox 317 1140 457 1186; x_wconf 87' lang='lat' dir='ltr'>quibus</span> <span class='ocrx_word' id='word_1_121' title='bbox 479 1152 552 1184; x_wconf 87' lang='lat' dir='ltr'>ego</span> <span class='ocrx_word' id='word_1_122' title='bbox 573 1141 777 1185; x_wconf 86' lang='lat' dir='ltr'>assentior,</span> <span class='ocrx_word' id='word_1_123' title='bbox 798 1152 886 1177; x_wconf 90' lang='lat' dir='ltr'>cum</span> <span class='ocrx_word' id='word_1_124' title='bbox 907 1152 929 1175; x_wconf 83' lang='lat' dir='ltr'>a</span> <span class='ocrx_word' id='word_1_125' title='bbox 952 1139 1194 1185; x_wconf 85' lang='lat' dir='ltr'>philosophis</span> <span class='ocrx_word' id='word_1_126' title='bbox 1218 1139 1482 1185; x_wconf 82' lang='lat' dir='ltr'>compluribus</span> 
     </span>
     <span class='ocr_line' id='line_1_18' title="bbox 317 1202 1482 1249; baseline -0.002 -10"><span class='ocrx_word' id='word_1_127' title='bbox 317 1202 515 1249; x_wconf 87' lang='lat' dir='ltr'>permulta</span> <span class='ocrx_word' id='word_1_128' title='bbox 536 1202 719 1239; x_wconf 85' lang='lat' dir='ltr'>dicantur</span> <span class='ocrx_word' id='word_1_129' title='bbox 744 1215 812 1238; x_wconf 85' lang='lat' dir='ltr'>cur</span> <span class='ocrx_word' id='word_1_130' title='bbox 834 1215 909 1238; x_wconf 91' lang='lat' dir='ltr'>nec</span> <span class='ocrx_word' id='word_1_131' title='bbox 934 1202 1113 1247; x_wconf 72' lang='lat' dir='ltr'>voluptas</span> <span class='ocrx_word' id='word_1_132' title='bbox 1136 1205 1178 1238; x_wconf 89' lang='lat' dir='ltr'>in</span> <span class='ocrx_word' id='word_1_133' title='bbox 1201 1203 1312 1238; x_wconf 88' lang='lat' dir='ltr'>bonis</span> <span class='ocrx_word' id='word_1_134' title='bbox 1337 1205 1387 1238; x_wconf 91' lang='lat' dir='ltr'>sit</span> <span class='ocrx_word' id='word_1_135' title='bbox 1410 1215 1482 1238; x_wconf 87' lang='lat' dir='ltr'>nu-</span> 
     </span>
     <span class='ocr_line' id='line_1_19' title="bbox 318 1264 1485 1310; baseline -0.001 -8"><span class='ocrx_word' id='word_1_136' title='bbox 318 1265 506 1303; x_wconf 83' lang='lat' dir='ltr'>meranda</span> <span class='ocrx_word' id='word_1_137' title='bbox 527 1278 601 1301; x_wconf 90' lang='lat' dir='ltr'>nec</span> <span class='ocrx_word' id='word_1_138' title='bbox 621 1268 663 1300; x_wconf 92' lang='lat' dir='ltr'>in</span> <span class='ocrx_word' id='word_1_139' title='bbox 683 1264 794 1301; x_wconf 89' lang='lat' dir='ltr'>malis</span> <span class='ocrx_word' id='word_1_140' title='bbox 816 1264 938 1310; x_wconf 81' lang='lat' dir='ltr'>dolor,</span> <span class='ocrx_word' id='word_1_141' title='bbox 955 1278 1034 1301; x_wconf 89' lang='lat' dir='ltr'>non</span> <span class='ocrx_word' id='word_1_142' title='bbox 1056 1267 1284 1302; x_wconf 81' lang='lat' dir='ltr'>existimant</span> <span class='ocrx_word' id='word_1_143' title='bbox 1303 1269 1485 1310; x_wconf 80' lang='lat' dir='ltr'>oportere</span> 
     </span>
     <span class='ocr_line' id='line_1_20' title="bbox 318 1327 1486 1373; baseline -0.002 -8"><span class='ocrx_word' id='word_1_144' title='bbox 318 1331 484 1365; x_wconf 89' lang='lat' dir='ltr'>nimium</span> <span class='ocrx_word' id='word_1_145' title='bbox 504 1341 574 1364; x_wconf 89' lang='lat' dir='ltr'>nos</span> <span class='ocrx_word' id='word_1_146' title='bbox 595 1341 733 1364; x_wconf 83' lang='lat' dir='ltr'>causae</span> <span class='ocrx_word' id='word_1_147' title='bbox 755 1328 966 1373; x_wconf 77' lang='lat' dir='ltr'>confidere,</span> <span class='ocrx_word' id='word_1_148' title='bbox 984 1328 1054 1364; x_wconf 88' lang='lat' dir='ltr'>sed</span> <span class='ocrx_word' id='word_1_149' title='bbox 1070 1333 1111 1364; x_wconf 91' lang='lat' dir='ltr'>et</span> <span class='ocrx_word' id='word_1_150' title='bbox 1126 1327 1486 1373; x_wconf 84' lang='lat' dir='ltr'>argumentandum</span> 
     </span>
     <span class='ocr_line' id='line_1_21' title="bbox 319 1390 1485 1435; baseline -0.001 -8"><span class='ocrx_word' id='word_1_151' title='bbox 319 1397 359 1428; x_wconf 88' lang='lat' dir='ltr'>et</span> <span class='ocrx_word' id='word_1_152' title='bbox 379 1396 560 1427; x_wconf 84' lang='lat' dir='ltr'>accurate</span> <span class='ocrx_word' id='word_1_153' title='bbox 583 1390 858 1427; x_wconf 81' lang='lat' dir='ltr'>disserendum</span> <span class='ocrx_word' id='word_1_154' title='bbox 879 1395 920 1427; x_wconf 85' lang='lat' dir='ltr'>et</span> <span class='ocrx_word' id='word_1_155' title='bbox 941 1391 1157 1427; x_wconf 88' lang='lat' dir='ltr'>rationibus</span> <span class='ocrx_word' id='word_1_156' title='bbox 1183 1393 1411 1435; x_wconf 83' lang='lat' dir='ltr'>conquisitis</span> <span class='ocrx_word' id='word_1_157' title='bbox 1436 1390 1485 1426; x_wconf 90' lang='lat' dir='ltr'>de</span> 
     </span>
     <span class='ocr_line' id='line_1_22' title="bbox 319 1453 1219 1499; baseline -0.001 -9"><span class='ocrx_word' id='word_1_158' title='bbox 319 1454 521 1499; x_wconf 80' lang='lat' dir='ltr'>voluptate</span> <span class='ocrx_word' id='word_1_159' title='bbox 543 1458 584 1490; x_wconf 90' lang='lat' dir='ltr'>et</span> <span class='ocrx_word' id='word_1_160' title='bbox 605 1453 740 1490; x_wconf 89' lang='lat' dir='ltr'>dolore</span> <span class='ocrx_word' id='word_1_161' title='bbox 762 1453 1046 1499; x_wconf 87' lang='lat' dir='ltr'>disputandum</span> <span class='ocrx_word' id='word_1_162' title='bbox 1066 1458 1219 1498; x_wconf 82' lang='lat' dir='ltr'>putant.</span> 
     </span>
    </p>

    <p class='ocr_par' dir='ltr' id='par_1_4' title="bbox 318 1508 1491 2002">
     <span class='ocr_line' id='line_1_23' title="bbox 374 1508 1488 1561; baseline -0.001 -9"><span class='ocrx_word' id='word_1_163' title='bbox 374 1517 419 1552; x_wconf 79' lang='lat' dir='ltr'>X.</span> <span class='ocrx_word' id='word_1_164' title='bbox 453 1508 477 1523; x_wconf 66' lang='lat'>‘⁵</span> <span class='ocrx_word' id='word_1_165' title='bbox 488 1516 567 1553; x_wconf 90' lang='lat' dir='ltr'>Sed</span> <span class='ocrx_word' id='word_1_166' title='bbox 581 1522 625 1552; x_wconf 91' lang='lat' dir='ltr'>ut</span> <span class='ocrx_word' id='word_1_167' title='bbox 641 1518 885 1561; x_wconf 83' lang='lat' dir='ltr'>perspiciatis</span> <span class='ocrx_word' id='word_1_168' title='bbox 899 1516 1005 1553; x_wconf 90' lang='lat' dir='ltr'>unde</span> <span class='ocrx_word' id='word_1_169' title='bbox 1019 1519 1145 1553; x_wconf 85' lang='lat' dir='ltr'>onmis</span> <span class='ocrx_word' id='word_1_170' title='bbox 1160 1519 1234 1553; x_wconf 88' lang='lat' dir='ltr'>iste</span> <span class='ocrx_word' id='word_1_171' title='bbox 1250 1521 1366 1552; x_wconf 87' lang='lat' dir='ltr'>natus</span> <span class='ocrx_word' id='word_1_172' title='bbox 1383 1529 1488 1552; x_wconf 85' lang='lat' dir='ltr'>error</span> 
     </span>
     <span class='ocr_line' id='line_1_24' title="bbox 319 1578 1486 1624; baseline -0.001 -8"><span class='ocrx_word' id='word_1_173' title='bbox 319 1583 369 1617; x_wconf 84' lang='lat' dir='ltr'>sit</span> <span class='ocrx_word' id='word_1_174' title='bbox 390 1579 634 1624; x_wconf 82' lang='lat' dir='ltr'>voluptatem</span> <span class='ocrx_word' id='word_1_175' title='bbox 655 1582 922 1615; x_wconf 83' lang='lat' dir='ltr'>accusantium</span> <span class='ocrx_word' id='word_1_176' title='bbox 947 1579 1201 1624; x_wconf 88' lang='lat' dir='ltr'>doloremque</span> <span class='ocrx_word' id='word_1_177' title='bbox 1227 1578 1486 1623; x_wconf 85' lang='lat' dir='ltr'>laudantium,</span> 
     </span>
     <span class='ocr_line' id='line_1_25' title="bbox 319 1642 1487 1687; baseline -0.002 -7"><span class='ocrx_word' id='word_1_178' title='bbox 319 1649 444 1680; x_wconf 83' lang='lat' dir='ltr'>totam</span> <span class='ocrx_word' id='word_1_179' title='bbox 460 1655 543 1678; x_wconf 87' lang='lat' dir='ltr'>rem</span> <span class='ocrx_word' id='word_1_180' title='bbox 560 1645 746 1687; x_wconf 75' lang='lat' dir='ltr'>aperiam,</span> <span class='ocrx_word' id='word_1_181' title='bbox 763 1655 887 1687; x_wconf 84' lang='lat' dir='ltr'>caque</span> <span class='ocrx_word' id='word_1_182' title='bbox 904 1645 986 1687; x_wconf 89' lang='lat' dir='ltr'>ipsa</span> <span class='ocrx_word' id='word_1_183' title='bbox 1007 1655 1105 1687; x_wconf 82' lang='lat' dir='ltr'>quae</span> <span class='ocrx_word' id='word_1_184' title='bbox 1126 1643 1175 1678; x_wconf 86' lang='lat' dir='ltr'>ab</span> <span class='ocrx_word' id='word_1_185' title='bbox 1194 1642 1261 1678; x_wconf 84' lang='lat' dir='ltr'>illo</span> <span class='ocrx_word' id='word_1_186' title='bbox 1281 1645 1487 1679; x_wconf 82' lang='lat' dir='ltr'>inventore</span> 
     </span>
     <span class='ocr_line' id='line_1_26' title="bbox 318 1704 1490 1750; baseline -0.002 -8"><span class='ocrx_word' id='word_1_187' title='bbox 318 1708 495 1742; x_wconf 74' lang='lat' dir='ltr'>veritatis</span> <span class='ocrx_word' id='word_1_188' title='bbox 517 1709 558 1741; x_wconf 88' lang='lat' dir='ltr'>et</span> <span class='ocrx_word' id='word_1_189' title='bbox 579 1707 688 1750; x_wconf 87' lang='lat' dir='ltr'>quasi</span> <span class='ocrx_word' id='word_1_190' title='bbox 712 1704 930 1741; x_wconf 84' lang='lat' dir='ltr'>architecto</span> <span class='ocrx_word' id='word_1_191' title='bbox 960 1705 1100 1742; x_wconf 85' lang='lat' dir='ltr'>beatae</span> <span class='ocrx_word' id='word_1_192' title='bbox 1130 1707 1233 1741; x_wconf 81' lang='lat' dir='ltr'>vitae</span> <span class='ocrx_word' id='word_1_193' title='bbox 1263 1705 1369 1741; x_wconf 88' lang='lat' dir='ltr'>dicta</span> <span class='ocrx_word' id='word_1_194' title='bbox 1397 1709 1490 1741; x_wconf 86' lang='lat' dir='ltr'>sunt</span> 
     </span>
     <span class='ocr_line' id='line_1_27' title="bbox 320 1767 1491 1814; baseline -0.002 -9"><span class='ocrx_word' id='word_1_195' title='bbox 320 1768 534 1814; x_wconf 83' lang='lat' dir='ltr'>explicabo.</span> <span class='ocrx_word' id='word_1_196' title='bbox 607 1767 735 1804; x_wconf 82' lang='lat' dir='ltr'>Nemo</span> <span class='ocrx_word' id='word_1_197' title='bbox 783 1770 889 1804; x_wconf 85' lang='lat' dir='ltr'>enim</span> <span class='ocrx_word' id='word_1_198' title='bbox 937 1769 1062 1813; x_wconf 86' lang='lat' dir='ltr'>ipsam</span> <span class='ocrx_word' id='word_1_199' title='bbox 1108 1767 1353 1813; x_wconf 86' lang='lat' dir='ltr'>voluptatem</span> <span class='ocrx_word' id='word_1_200' title='bbox 1401 1771 1491 1812; x_wconf 81' lang='lat' dir='ltr'>quia</span> 
     </span>
     <span class='ocr_line' id='line_1_28' title="bbox 319 1829 1491 1876; baseline -0.001 -9"><span class='ocrx_word' id='word_1_201' title='bbox 319 1831 499 1876; x_wconf 80' lang='lat' dir='ltr'>voluptas</span> <span class='ocrx_word' id='word_1_202' title='bbox 521 1832 570 1866; x_wconf 87' lang='lat' dir='ltr'>sit</span> <span class='ocrx_word' id='word_1_203' title='bbox 590 1835 823 1875; x_wconf 82' lang='lat' dir='ltr'>aspernatur</span> <span class='ocrx_word' id='word_1_204' title='bbox 848 1835 917 1867; x_wconf 86' lang='lat' dir='ltr'>aut</span> <span class='ocrx_word' id='word_1_205' title='bbox 946 1830 1029 1866; x_wconf 90' lang='lat' dir='ltr'>odit</span> <span class='ocrx_word' id='word_1_206' title='bbox 1058 1834 1126 1866; x_wconf 89' lang='lat' dir='ltr'>aut</span> <span class='ocrx_word' id='word_1_207' title='bbox 1155 1829 1271 1875; x_wconf 50' lang='lat' dir='ltr'>fugit)</span> <span class='ocrx_word' id='word_1_208' title='bbox 1302 1830 1371 1866; x_wconf 90' lang='lat' dir='ltr'>sed</span> <span class='ocrx_word' id='word_1_209' title='bbox 1401 1833 1491 1875; x_wconf 85' lang='lat' dir='ltr'>quia</span> 
     </span>
     <span class='ocr_line' id='line_1_29' title="bbox 319 1892 1488 1938; baseline -0.002 -8"><span class='ocrx_word' id='word_1_210' title='bbox 319 1897 615 1938; x_wconf 86' lang='lat' dir='ltr'>consequuntur</span> <span class='ocrx_word' id='word_1_211' title='bbox 635 1895 768 1937; x_wconf 84' lang='lat' dir='ltr'>magni</span> <span class='ocrx_word' id='word_1_212' title='bbox 789 1892 943 1929; x_wconf 86' lang='lat' dir='ltr'>dolores</span> <span class='ocrx_word' id='word_1_213' title='bbox 964 1905 1029 1930; x_wconf 88' lang='lat' dir='ltr'>eos</span> <span class='ocrx_word' id='word_1_214' title='bbox 1050 1895 1117 1938; x_wconf 93' lang='lat' dir='ltr'>qui</span> <span class='ocrx_word' id='word_1_215' title='bbox 1136 1895 1287 1929; x_wconf 84' lang='lat' dir='ltr'>ratione</span> <span class='ocrx_word' id='word_1_216' title='bbox 1311 1892 1488 1938; x_wconf 76' lang='lat' dir='ltr'>volupta-</span> 
     </span>
     <span class='ocr_line' id='line_1_30' title="bbox 318 1955 1485 2002; baseline -0.001 -10"><span class='ocrx_word' id='word_1_217' title='bbox 318 1962 402 1994; x_wconf 79' lang='lat' dir='ltr'>tem</span> <span class='ocrx_word' id='word_1_218' title='bbox 417 1958 528 2001; x_wconf 85' lang='lat' dir='ltr'>sequi</span> <span class='ocrx_word' id='word_1_219' title='bbox 544 1958 736 1992; x_wconf 90' lang='lat' dir='ltr'>nesciunt.</span> <span class='ocrx_word' id='word_1_220' title='bbox 762 1955 902 2001; x_wconf 79' lang='lat' dir='ltr'>Neque</span> <span class='ocrx_word' id='word_1_221' title='bbox 918 1969 1033 2002; x_wconf 86' lang='lat' dir='ltr'>porro</span> <span class='ocrx_word' id='word_1_222' title='bbox 1046 1958 1250 2002; x_wconf 85' lang='lat' dir='ltr'>quisquam</span> <span class='ocrx_word' id='word_1_223' title='bbox 1263 1960 1324 1992; x_wconf 88' lang='lat' dir='ltr'>est</span> <span class='ocrx_word' id='word_1_224' title='bbox 1339 1957 1405 2000; x_wconf 92' lang='lat' dir='ltr'>qui</span> <span class='ocrx_word' id='word_1_225' title='bbox 1418 1955 1485 1991; x_wconf 90' lang='lat' dir='ltr'>do-</span> 
     </span>
    </p>
   </div>
   <div class='ocr_carea' id='block_1_4' title="bbox 397 2041 1391 2130">
    <p class='ocr_par' dir='ltr' id='par_1_5' title="bbox 397 2041 1391 2130">
     <span class='ocr_line' id='line_1_31' title="bbox 397 2041 1391 2078; baseline -0.002 -5"><span class='ocrx_word' id='word_1_226' title='bbox 397 2042 571 2073; x_wconf 61' lang='lat' dir='ltr'>&#39;indisari</span> <span class='ocrx_word' id='word_1_227' title='bbox 586 2041 644 2073; x_wconf 87' lang='lat' dir='ltr'>inf.</span> <span class='ocrx_word' id='word_1_228' title='bbox 667 2041 762 2078; x_wconf 89' lang='lat' dir='ltr'><strong>MS.;</strong></span> <span class='ocrx_word' id='word_1_229' title='bbox 789 2042 943 2073; x_wconf 72' lang='lat' dir='ltr'>iudicari</span> <span class='ocrx_word' id='word_1_230' title='bbox 958 2041 1052 2073; x_wconf 86' lang='lat' dir='ltr'>Mdv.</span> <span class='ocrx_word' id='word_1_231' title='bbox 1075 2042 1157 2073; x_wconf 81' lang='lat' dir='ltr'>with</span> <span class='ocrx_word' id='word_1_232' title='bbox 1175 2042 1277 2073; x_wconf 85' lang='lat' dir='ltr'>other</span> <span class='ocrx_word' id='word_1_233' title='bbox 1293 2041 1391 2073; x_wconf 87' lang='lat' dir='ltr'>MSS.</span> 
     </span>
     <span class='ocr_line' id='line_1_32' title="bbox 427 2098 675 2130; baseline -0.004 0"><span class='ocrx_word' id='word_1_234' title='bbox 427 2098 477 2130; x_wconf 68' lang='lat'>34</span> <span class='ocrx_word' id='word_1_235' title='bbox 670 2113 675 2116; x_wconf 92' lang='lat'>·</span> 
     </span>
    </p>
   </div>
  </div>
 </body>
</html>
