<?xml version="1.0" encoding="UTF-8"?>
<!DOCTYPE html PUBLIC "-//W3C//DTD XHTML 1.0 Transitional//EN"
    "http://www.w3.org/TR/xhtml1/DTD/xhtml1-transitional.dtd">
<html xmlns="http://www.w3.org/1999/xhtml" xml:lang="en" lang="en">
 <head>
  <title>
</title>
<meta http-equiv="Content-Type" content="text/html;charset=utf-8" />
  <meta name='ocr-system' content='tesseract 3.04.00' />
  <meta name='ocr-capabilities' content='ocr_page ocr_carea ocr_par ocr_line ocrx_word'/>
</head>
<body>
  <div class='ocr_page' id='page_1' title='image "./definibusbonorum00cice_0036.png"; bbox 0 0 1533 2349; ppageno 0'>
   <div class='ocr_carea' id='block_1_1' title="bbox 606 75 1152 115">
    <p class='ocr_par' dir='ltr' id='par_1_1' title="bbox 606 75 1152 115">
     <span class='ocr_line' id='line_1_1' title="bbox 606 75 1152 115; baseline 0.004 -2"><span class='ocrx_word' id='word_1_1' title='bbox 606 76 800 113; x_wconf 85' lang='lat' dir='ltr'>CICERO</span> <span class='ocrx_word' id='word_1_2' title='bbox 833 75 907 112; x_wconf 91' lang='lat' dir='ltr'>DE</span> <span class='ocrx_word' id='word_1_3' title='bbox 937 75 1023 112; x_wconf 90' lang='lat' dir='ltr'>FIN</span> <span class='ocrx_word' id='word_1_4' title='bbox 1032 77 1152 115; x_wconf 93' lang='lat' dir='ltr'>IBUS</span> 
     </span>
    </p>
   </div>
   <div class='ocr_carea' id='block_1_2' title="bbox 298 154 1467 1787">
    <p class='ocr_par' dir='ltr' id='par_1_2' title="bbox 298 154 1464 1201">
     <span class='ocr_line' id='line_1_2' title="bbox 299 154 1456 202; baseline 0.001 -11"><span class='ocrx_word' id='word_1_5' title='bbox 299 159 467 193; x_wconf 83' lang='lat' dir='ltr'>maxime</span> <span class='ocrx_word' id='word_1_6' title='bbox 479 155 554 193; x_wconf 88' lang='lat' dir='ltr'>hoc</span> <span class='ocrx_word' id='word_1_7' title='bbox 568 156 734 202; x_wconf 60' lang='lat' dir='ltr'>placeatj</span> <span class='ocrx_word' id='word_1_8' title='bbox 752 154 992 192; x_wconf 76' lang='lat' dir='ltr'>moderatius</span> <span class='ocrx_word' id='word_1_9' title='bbox 1006 160 1140 193; x_wconf 87' lang='lat' dir='ltr'>tamen</span> <span class='ocrx_word' id='word_1_10' title='bbox 1154 157 1194 193; x_wconf 94' lang='lat' dir='ltr'>id</span> <span class='ocrx_word' id='word_1_11' title='bbox 1209 156 1346 193; x_wconf 85' lang='lat' dir='ltr'>volunt</span> <span class='ocrx_word' id='word_1_12' title='bbox 1362 156 1456 200; x_wconf 82' lang='lat' dir='ltr'>fieri,</span> 
     </span>
     <span class='ocr_line' id='line_1_3' title="bbox 299 222 1459 269; baseline 0.001 -10"><span class='ocrx_word' id='word_1_13' title='bbox 299 222 496 259; x_wconf 84' lang='lat' dir='ltr'>difficilem</span> <span class='ocrx_word' id='word_1_14' title='bbox 531 222 729 268; x_wconf 82' lang='lat' dir='ltr'>quandam</span> <span class='ocrx_word' id='word_1_15' title='bbox 763 224 1068 267; x_wconf 76' lang='lat' dir='ltr'><strong>temperantiam</strong></span> <span class='ocrx_word' id='word_1_16' title='bbox 1100 223 1302 269; x_wconf 85' lang='lat' dir='ltr'>postulant</span> <span class='ocrx_word' id='word_1_17' title='bbox 1337 226 1377 258; x_wconf 91' lang='lat' dir='ltr'>in</span> <span class='ocrx_word' id='word_1_18' title='bbox 1412 235 1459 260; x_wconf 90' lang='lat' dir='ltr'>eo</span> 
     </span>
     <span class='ocr_line' id='line_1_4' title="bbox 299 288 1460 335; baseline 0 -10"><span class='ocrx_word' id='word_1_19' title='bbox 299 289 404 334; x_wconf 90' lang='lat' dir='ltr'>quod</span> <span class='ocrx_word' id='word_1_20' title='bbox 418 288 541 326; x_wconf 90' lang='lat' dir='ltr'>semel</span> <span class='ocrx_word' id='word_1_21' title='bbox 554 288 767 325; x_wconf 84' lang='lat' dir='ltr'>admissum</span> <span class='ocrx_word' id='word_1_22' title='bbox 782 290 955 324; x_wconf 81' lang='lat' dir='ltr'><strong>coerceri</strong></span> <span class='ocrx_word' id='word_1_23' title='bbox 967 291 1203 335; x_wconf 82' lang='lat' dir='ltr'>reprimique</span> <span class='ocrx_word' id='word_1_24' title='bbox 1218 302 1298 325; x_wconf 91' lang='lat' dir='ltr'>non</span> <span class='ocrx_word' id='word_1_25' title='bbox 1306 293 1440 335; x_wconf 87' lang='lat' dir='ltr'>potest</span> <span class='ocrx_word' id='word_1_26' title='bbox 1452 316 1460 331; x_wconf 86' lang='lat'>‚</span> 
     </span>
     <span class='ocr_line' id='line_1_5' title="bbox 300 355 1461 402; baseline -0.002 -10"><span class='ocrx_word' id='word_1_27' title='bbox 300 361 345 393; x_wconf 91' lang='lat' dir='ltr'>ut</span> <span class='ocrx_word' id='word_1_28' title='bbox 364 355 651 401; x_wconf 81' lang='lat' dir='ltr'>propemodum</span> <span class='ocrx_word' id='word_1_29' title='bbox 675 355 902 391; x_wconf 87' lang='lat' dir='ltr'>iustioribus</span> <span class='ocrx_word' id='word_1_30' title='bbox 928 359 1084 391; x_wconf 86' lang='lat' dir='ltr'>utamur</span> <span class='ocrx_word' id='word_1_31' title='bbox 1106 356 1182 392; x_wconf 89' lang='lat' dir='ltr'>illis</span> <span class='ocrx_word' id='word_1_32' title='bbox 1207 359 1275 402; x_wconf 78' lang='lat' dir='ltr'>qui</span> <span class='ocrx_word' id='word_1_33' title='bbox 1301 358 1461 392; x_wconf 89' lang='lat' dir='ltr'>omnino</span> 
     </span>
     <span class='ocr_line' id='line_1_6' title="bbox 301 420 1461 468; baseline 0.001 -11"><span class='ocrx_word' id='word_1_34' title='bbox 301 427 468 459; x_wconf 81' lang='lat' dir='ltr'>avocent</span> <span class='ocrx_word' id='word_1_35' title='bbox 494 435 517 458; x_wconf 86' lang='lat' dir='ltr'>a</span> <span class='ocrx_word' id='word_1_36' title='bbox 542 421 803 468; x_wconf 77' lang='lat' dir='ltr'>philosophia,</span> <span class='ocrx_word' id='word_1_37' title='bbox 831 434 949 467; x_wconf 87' lang='lat' dir='ltr'>quam</span> <span class='ocrx_word' id='word_1_38' title='bbox 975 421 1035 458; x_wconf 91' lang='lat' dir='ltr'>his</span> <span class='ocrx_word' id='word_1_39' title='bbox 1062 424 1128 468; x_wconf 88' lang='lat' dir='ltr'>qui</span> <span class='ocrx_word' id='word_1_40' title='bbox 1153 423 1270 460; x_wconf 87' lang='lat' dir='ltr'>rebus</span> <span class='ocrx_word' id='word_1_41' title='bbox 1296 420 1461 459; x_wconf 85' lang='lat' dir='ltr'>infinitis</span> 
     </span>
     <span class='ocr_line' id='line_1_7' title="bbox 298 488 1462 534; baseline 0.001 -9"><span class='ocrx_word' id='word_1_42' title='bbox 298 489 460 526; x_wconf 88' lang='lat' dir='ltr'>modum</span> <span class='ocrx_word' id='word_1_43' title='bbox 480 491 724 525; x_wconf 72' lang='lat' dir='ltr'>constituant</span> <span class='ocrx_word' id='word_1_44' title='bbox 740 491 779 524; x_wconf 86' lang='lat' dir='ltr'>in</span> <span class='ocrx_word' id='word_1_45' title='bbox 795 501 917 533; x_wconf 89' lang='lat' dir='ltr'>reque</span> <span class='ocrx_word' id='word_1_46' title='bbox 939 501 985 525; x_wconf 91' lang='lat' dir='ltr'>eo</span> <span class='ocrx_word' id='word_1_47' title='bbox 999 488 1158 526; x_wconf 88' lang='lat' dir='ltr'>meliore</span> <span class='ocrx_word' id='word_1_48' title='bbox 1174 492 1251 534; x_wconf 88' lang='lat' dir='ltr'>quo</span> <span class='ocrx_word' id='word_1_49' title='bbox 1269 492 1392 526; x_wconf 89' lang='lat' dir='ltr'>maior</span> <span class='ocrx_word' id='word_1_50' title='bbox 1412 491 1462 526; x_wconf 83' lang='lat' dir='ltr'>sit</span> 
     </span>
     <span class='ocr_line' id='line_1_8' title="bbox 299 555 1459 601; baseline -0.001 -9"><span class='ocrx_word' id='word_1_51' title='bbox 299 555 617 592; x_wconf 82' lang='lat' dir='ltr'>mediocritatem</span> <span class='ocrx_word' id='word_1_52' title='bbox 633 555 873 592; x_wconf 71' lang='lat' dir='ltr'>desiderent.</span> <span class='ocrx_word' id='word_1_53' title='bbox 935 555 1024 592; x_wconf 88' lang='lat' dir='ltr'>Sive</span> <span class='ocrx_word' id='word_1_54' title='bbox 1041 558 1147 592; x_wconf 91' lang='lat' dir='ltr'>enim</span> <span class='ocrx_word' id='word_1_55' title='bbox 1161 556 1210 592; x_wconf 87' lang='lat' dir='ltr'>ad</span> <span class='ocrx_word' id='word_1_56' title='bbox 1227 558 1459 601; x_wconf 81' lang='lat' dir='ltr'>sapientiam</span> 
     </span>
     <span class='ocr_line' id='line_1_9' title="bbox 300 621 1460 668; baseline -0.001 -9"><span class='ocrx_word' id='word_1_57' title='bbox 300 625 497 668; x_wconf 88' lang='lat' dir='ltr'>perveniri</span> <span class='ocrx_word' id='word_1_58' title='bbox 527 627 672 668; x_wconf 76' lang='lat' dir='ltr'>potest,</span> <span class='ocrx_word' id='word_1_59' title='bbox 705 635 783 658; x_wconf 93' lang='lat' dir='ltr'>non</span> <span class='ocrx_word' id='word_1_60' title='bbox 815 621 989 667; x_wconf 78' lang='lat' dir='ltr'>paranda</span> <span class='ocrx_word' id='word_1_61' title='bbox 1019 622 1129 659; x_wconf 87' lang='lat' dir='ltr'>nobis</span> <span class='ocrx_word' id='word_1_62' title='bbox 1159 623 1283 659; x_wconf 90' lang='lat' dir='ltr'>solum</span> <span class='ocrx_word' id='word_1_63' title='bbox 1315 636 1361 660; x_wconf 85' lang='lat' dir='ltr'>ea</span> <span class='ocrx_word' id='word_1_64' title='bbox 1392 622 1460 659; x_wconf 85' lang='lat' dir='ltr'>sed</span> 
     </span>
     <span class='ocr_line' id='line_1_10' title="bbox 302 687 1461 733; baseline 0 -8"><span class='ocrx_word' id='word_1_65' title='bbox 302 689 469 726; x_wconf 86' lang='lat' dir='ltr'>fruenda</span> <span class='ocrx_word' id='word_1_66' title='bbox 489 691 609 726; x_wconf 84' lang='lat' dir='ltr'>etiam</span> <span class='ocrx_word' id='word_1_67' title='bbox 631 694 711 732; x_wconf 70' lang='lat' dir='ltr'>est:</span> <span class='ocrx_word' id='word_1_68' title='bbox 753 691 833 724; x_wconf 77' lang='lat' dir='ltr'>sive</span> <span class='ocrx_word' id='word_1_69' title='bbox 854 687 929 724; x_wconf 85' lang='lat' dir='ltr'>hoe</span> <span class='ocrx_word' id='word_1_70' title='bbox 955 688 1110 725; x_wconf 84' lang='lat' dir='ltr'>difficile</span> <span class='ocrx_word' id='word_1_71' title='bbox 1134 694 1206 733; x_wconf 80' lang='lat' dir='ltr'>est,</span> <span class='ocrx_word' id='word_1_72' title='bbox 1226 694 1360 725; x_wconf 83' lang='lat' dir='ltr'>tamen</span> <span class='ocrx_word' id='word_1_73' title='bbox 1388 702 1461 726; x_wconf 80' lang='lat' dir='ltr'>nec</span> 
     </span>
     <span class='ocr_line' id='line_1_11' title="bbox 301 755 1464 801; baseline 0 -9"><span class='ocrx_word' id='word_1_74' title='bbox 301 756 440 793; x_wconf 89' lang='lat' dir='ltr'>modus</span> <span class='ocrx_word' id='word_1_75' title='bbox 468 761 530 793; x_wconf 85' lang='lat' dir='ltr'>est</span> <span class='ocrx_word' id='word_1_76' title='bbox 556 755 660 792; x_wconf 83' lang='lat' dir='ltr'>ullus</span> <span class='ocrx_word' id='word_1_77' title='bbox 686 755 953 801; x_wconf 72' lang='lat' dir='ltr'>investigandi</span> <span class='ocrx_word' id='word_1_78' title='bbox 980 758 1062 792; x_wconf 91' lang='lat' dir='ltr'>veri</span> <span class='ocrx_word' id='word_1_79' title='bbox 1087 758 1161 792; x_wconf 89' lang='lat' dir='ltr'>nisi</span> <span class='ocrx_word' id='word_1_80' title='bbox 1187 758 1395 801; x_wconf 75' lang='lat' dir='ltr'>inveneris,</span> <span class='ocrx_word' id='word_1_81' title='bbox 1423 760 1464 792; x_wconf 85' lang='lat' dir='ltr'>et</span> 
     </span>
     <span class='ocr_line' id='line_1_12' title="bbox 302 821 1463 868; baseline -0.001 -9"><span class='ocrx_word' id='word_1_82' title='bbox 302 822 519 868; x_wconf 83' lang='lat' dir='ltr'>quaerendi</span> <span class='ocrx_word' id='word_1_83' title='bbox 540 821 776 867; x_wconf 77' lang='lat' dir='ltr'>defetigatio</span> <span class='ocrx_word' id='word_1_84' title='bbox 798 824 922 867; x_wconf 83' lang='lat' dir='ltr'>turpis</span> <span class='ocrx_word' id='word_1_85' title='bbox 951 826 1012 859; x_wconf 83' lang='lat' dir='ltr'>est</span> <span class='ocrx_word' id='word_1_86' title='bbox 1035 835 1123 859; x_wconf 88' lang='lat' dir='ltr'>cum</span> <span class='ocrx_word' id='word_1_87' title='bbox 1146 822 1187 859; x_wconf 90' lang='lat' dir='ltr'>id</span> <span class='ocrx_word' id='word_1_88' title='bbox 1213 822 1317 868; x_wconf 91' lang='lat' dir='ltr'>quod</span> <span class='ocrx_word' id='word_1_89' title='bbox 1346 835 1463 868; x_wconf 83' lang='lat' dir='ltr'>quae-</span> 
     </span>
     <span class='ocr_line' id='line_1_13' title="bbox 302 888 1462 935; baseline -0.001 -10"><span class='ocrx_word' id='word_1_90' title='bbox 302 892 400 925; x_wconf 87' lang='lat' dir='ltr'>ritur</span> <span class='ocrx_word' id='word_1_91' title='bbox 420 892 471 926; x_wconf 90' lang='lat' dir='ltr'>sit</span> <span class='ocrx_word' id='word_1_92' title='bbox 492 888 811 935; x_wconf 85' lang='lat' dir='ltr'>pulcherrinnnn.</span> <span class='ocrx_word' id='word_1_93' title='bbox 873 888 1034 925; x_wconf 87' lang='lat' dir='ltr'>Etenim</span> <span class='ocrx_word' id='word_1_94' title='bbox 1054 891 1085 925; x_wconf 93' lang='lat' dir='ltr'>si</span> <span class='ocrx_word' id='word_1_95' title='bbox 1111 888 1354 926; x_wconf 77' lang='lat' dir='ltr'>delectamur</span> <span class='ocrx_word' id='word_1_96' title='bbox 1374 902 1462 925; x_wconf 87' lang='lat' dir='ltr'>cum</span> 
     </span>
     <span class='ocr_line' id='line_1_14' title="bbox 302 955 1462 1001; baseline -0.001 -9"><span class='ocrx_word' id='word_1_97' title='bbox 302 956 517 1001; x_wconf 75' lang='lat' dir='ltr'>scribimus,</span> <span class='ocrx_word' id='word_1_98' title='bbox 535 958 620 1001; x_wconf 78' lang='lat' dir='ltr'>quis</span> <span class='ocrx_word' id='word_1_99' title='bbox 637 961 697 992; x_wconf 86' lang='lat' dir='ltr'>est</span> <span class='ocrx_word' id='word_1_100' title='bbox 714 960 794 991; x_wconf 84' lang='lat' dir='ltr'>tam</span> <span class='ocrx_word' id='word_1_101' title='bbox 810 955 965 992; x_wconf 85' lang='lat' dir='ltr'>invidus</span> <span class='ocrx_word' id='word_1_102' title='bbox 982 958 1047 1001; x_wconf 88' lang='lat' dir='ltr'>qui</span> <span class='ocrx_word' id='word_1_103' title='bbox 1063 955 1110 991; x_wconf 87' lang='lat' dir='ltr'>ab</span> <span class='ocrx_word' id='word_1_104' title='bbox 1127 968 1172 993; x_wconf 91' lang='lat' dir='ltr'>eo</span> <span class='ocrx_word' id='word_1_105' title='bbox 1187 968 1256 992; x_wconf 86' lang='lat' dir='ltr'>nos</span> <span class='ocrx_word' id='word_1_106' title='bbox 1269 955 1462 992; x_wconf 81' lang='lat' dir='ltr'>abducat?</span> 
     </span>
     <span class='ocr_line' id='line_1_15' title="bbox 303 1021 1462 1068; baseline -0.003 -9"><span class='ocrx_word' id='word_1_107' title='bbox 303 1022 371 1059; x_wconf 87' lang='lat' dir='ltr'>Sin</span> <span class='ocrx_word' id='word_1_108' title='bbox 398 1022 631 1067; x_wconf 81' lang='lat' dir='ltr'>laboramus,</span> <span class='ocrx_word' id='word_1_109' title='bbox 654 1025 739 1067; x_wconf 90' lang='lat' dir='ltr'>quis</span> <span class='ocrx_word' id='word_1_110' title='bbox 768 1027 828 1060; x_wconf 84' lang='lat' dir='ltr'>est</span> <span class='ocrx_word' id='word_1_111' title='bbox 855 1024 922 1068; x_wconf 88' lang='lat' dir='ltr'>qui</span> <span class='ocrx_word' id='word_1_112' title='bbox 948 1021 1100 1059; x_wconf 87' lang='lat' dir='ltr'>alienae</span> <span class='ocrx_word' id='word_1_113' title='bbox 1126 1022 1286 1059; x_wconf 89' lang='lat' dir='ltr'>modum</span> <span class='ocrx_word' id='word_1_114' title='bbox 1314 1026 1462 1059; x_wconf 83' lang='lat' dir='ltr'>statuat</span> 
     </span>
     <span class='ocr_line' id='line_1_16' title="bbox 301 1088 1461 1126; baseline -0.001 -1"><span class='ocrx_word' id='word_1_115' title='bbox 301 1089 543 1126; x_wconf 85' lang='lat' dir='ltr'>industriae?</span> <span class='ocrx_word' id='word_1_116' title='bbox 601 1089 703 1125; x_wconf 85' lang='lat' dir='ltr'>Nam</span> <span class='ocrx_word' id='word_1_117' title='bbox 731 1093 776 1125; x_wconf 87' lang='lat' dir='ltr'>ut</span> <span class='ocrx_word' id='word_1_118' title='bbox 799 1088 1061 1126; x_wconf 84' lang='lat' dir='ltr'>Terentianus</span> <span class='ocrx_word' id='word_1_119' title='bbox 1086 1088 1271 1125; x_wconf 89' lang='lat' dir='ltr'>Chremes</span> <span class='ocrx_word' id='word_1_120' title='bbox 1295 1101 1373 1125; x_wconf 92' lang='lat' dir='ltr'>non</span> <span class='ocrx_word' id='word_1_121' title='bbox 1403 1090 1461 1124; x_wconf 87' lang='lat' dir='ltr'>in-</span> 
     </span>
     <span class='ocr_line' id='line_1_17' title="bbox 304 1155 1162 1201; baseline -0.001 -9"><span class='ocrx_word' id='word_1_122' title='bbox 304 1155 510 1200; x_wconf 80' lang='lat' dir='ltr'>humanus,</span> <span class='ocrx_word' id='word_1_123' title='bbox 532 1158 598 1201; x_wconf 88' lang='lat' dir='ltr'>qni</span> <span class='ocrx_word' id='word_1_124' title='bbox 620 1168 765 1191; x_wconf 89' lang='lat' dir='ltr'>novum</span> <span class='ocrx_word' id='word_1_125' title='bbox 785 1158 957 1192; x_wconf 82' lang='lat' dir='ltr'>vicinum</span> <span class='ocrx_word' id='word_1_126' title='bbox 977 1168 1056 1191; x_wconf 90' lang='lat' dir='ltr'>non</span> <span class='ocrx_word' id='word_1_127' title='bbox 1077 1155 1162 1191; x_wconf 88' lang='lat' dir='ltr'>vult</span> 
     </span>
    </p>

    <p class='ocr_par' dir='ltr' id='par_1_3' title="bbox 303 1221 1465 1459">
     <span class='ocr_line' id='line_1_18' title="bbox 372 1221 1374 1267; baseline 0.002 -10"><span class='ocrx_word' id='word_1_128' title='bbox 372 1222 524 1259; x_wconf 88' lang='lat' dir='ltr'>Fodere</span> <span class='ocrx_word' id='word_1_129' title='bbox 544 1227 614 1258; x_wconf 86' lang='lat' dir='ltr'>aut</span> <span class='ocrx_word' id='word_1_130' title='bbox 633 1235 741 1258; x_wconf 86' lang='lat' dir='ltr'>arare</span> <span class='ocrx_word' id='word_1_131' title='bbox 762 1227 831 1258; x_wconf 86' lang='lat' dir='ltr'>aut</span> <span class='ocrx_word' id='word_1_132' title='bbox 851 1222 999 1267; x_wconf 81' lang='lat' dir='ltr'>aliquid</span> <span class='ocrx_word' id='word_1_133' title='bbox 1019 1221 1122 1259; x_wconf 89' lang='lat' dir='ltr'>ferre</span> <span class='ocrx_word' id='word_1_134' title='bbox 1143 1221 1374 1267; x_wconf 88' lang='lat' dir='ltr'>denique—</span> 
     </span>
     <span class='ocr_line' id='line_1_19' title="bbox 303 1281 1465 1333; baseline 0 -8"><span class='ocrx_word' id='word_1_135' title='bbox 303 1281 401 1333; x_wconf 85' lang='lat' dir='ltr'>(non</span> <span class='ocrx_word' id='word_1_136' title='bbox 422 1292 527 1326; x_wconf 88' lang='lat' dir='ltr'>enim</span> <span class='ocrx_word' id='word_1_137' title='bbox 555 1288 667 1325; x_wconf 90' lang='lat' dir='ltr'>illum</span> <span class='ocrx_word' id='word_1_138' title='bbox 687 1289 736 1325; x_wconf 85' lang='lat' dir='ltr'>ab</span> <span class='ocrx_word' id='word_1_139' title='bbox 757 1289 949 1325; x_wconf 86' lang='lat' dir='ltr'>industria</span> <span class='ocrx_word' id='word_1_140' title='bbox 970 1288 1040 1325; x_wconf 91' lang='lat' dir='ltr'>sed</span> <span class='ocrx_word' id='word_1_141' title='bbox 1059 1289 1108 1324; x_wconf 88' lang='lat' dir='ltr'>ab</span> <span class='ocrx_word' id='word_1_142' title='bbox 1134 1288 1314 1325; x_wconf 85' lang='lat' dir='ltr'>illiberali</span> <span class='ocrx_word' id='word_1_143' title='bbox 1334 1289 1465 1325; x_wconf 80' lang='lat' dir='ltr'>labore</span> 
     </span>
     <span class='ocr_line' id='line_1_20' title="bbox 303 1348 1464 1401; baseline 0 -9"><span class='ocrx_word' id='word_1_144' title='bbox 303 1348 512 1401; x_wconf 82' lang='lat' dir='ltr'>deterret),</span> <span class='ocrx_word' id='word_1_145' title='bbox 534 1359 588 1392; x_wconf 85' lang='lat' dir='ltr'>sie</span> <span class='ocrx_word' id='word_1_146' title='bbox 608 1358 673 1392; x_wconf 85' lang='lat' dir='ltr'>isti</span> <span class='ocrx_word' id='word_1_147' title='bbox 688 1358 841 1401; x_wconf 80' lang='lat' dir='ltr'>curiosi,</span> <span class='ocrx_word' id='word_1_148' title='bbox 858 1368 953 1401; x_wconf 87' lang='lat' dir='ltr'>quos</span> <span class='ocrx_word' id='word_1_149' title='bbox 974 1354 1138 1392; x_wconf 87' lang='lat' dir='ltr'>offendit</span> <span class='ocrx_word' id='word_1_150' title='bbox 1154 1360 1288 1392; x_wconf 87' lang='lat' dir='ltr'>noster</span> <span class='ocrx_word' id='word_1_151' title='bbox 1303 1358 1464 1392; x_wconf 81' lang='lat' dir='ltr'>mininie</span> 
     </span>
     <span class='ocr_line' id='line_1_21' title="bbox 303 1422 810 1459; baseline 0 -1"><span class='ocrx_word' id='word_1_152' title='bbox 303 1423 414 1458; x_wconf 84' lang='lat' dir='ltr'>nobis</span> <span class='ocrx_word' id='word_1_153' title='bbox 434 1422 671 1459; x_wconf 88' lang='lat' dir='ltr'>iniucundus</span> <span class='ocrx_word' id='word_1_154' title='bbox 691 1422 810 1458; x_wconf 86' lang='lat' dir='ltr'>labor.</span> 
     </span>
    </p>

    <p class='ocr_par' dir='ltr' id='par_1_4' title="bbox 303 1488 1467 1787">
     <span class='ocr_line' id='line_1_22' title="bbox 359 1488 1462 1534; baseline 0 -10"><span class='ocrx_word' id='word_1_155' title='bbox 359 1489 410 1525; x_wconf 92' lang='lat' dir='ltr'>II.</span> <span class='ocrx_word' id='word_1_156' title='bbox 445 1489 496 1525; x_wconf 90' lang='lat' dir='ltr'>Iis</span> <span class='ocrx_word' id='word_1_157' title='bbox 516 1492 637 1534; x_wconf 84' lang='lat' dir='ltr'>igitur</span> <span class='ocrx_word' id='word_1_158' title='bbox 658 1494 718 1526; x_wconf 88' lang='lat' dir='ltr'>est</span> <span class='ocrx_word' id='word_1_159' title='bbox 734 1489 926 1525; x_wconf 88' lang='lat' dir='ltr'>difficilius</span> <span class='ocrx_word' id='word_1_160' title='bbox 943 1488 1166 1526; x_wconf 82' lang='lat' dir='ltr'>satisfacere</span> <span class='ocrx_word' id='word_1_161' title='bbox 1183 1491 1249 1534; x_wconf 90' lang='lat' dir='ltr'>qui</span> <span class='ocrx_word' id='word_1_162' title='bbox 1265 1501 1305 1525; x_wconf 88' lang='lat' dir='ltr'>se</span> <span class='ocrx_word' id='word_1_163' title='bbox 1323 1488 1462 1525; x_wconf 82' lang='lat' dir='ltr'>Latina</span> 
     </span>
     <span class='ocr_line' id='line_1_23' title="bbox 303 1551 1462 1597; baseline -0.002 -8"><span class='ocrx_word' id='word_1_164' title='bbox 303 1555 447 1597; x_wconf 81' lang='lat' dir='ltr'>scripta</span> <span class='ocrx_word' id='word_1_165' title='bbox 467 1552 606 1588; x_wconf 88' lang='lat' dir='ltr'>dicunt</span> <span class='ocrx_word' id='word_1_166' title='bbox 627 1557 894 1589; x_wconf 87' lang='lat' dir='ltr'>contemnere.</span> <span class='ocrx_word' id='word_1_167' title='bbox 956 1551 1003 1588; x_wconf 89' lang='lat' dir='ltr'>In</span> <span class='ocrx_word' id='word_1_168' title='bbox 1030 1552 1170 1597; x_wconf 88' lang='lat' dir='ltr'>quibus</span> <span class='ocrx_word' id='word_1_169' title='bbox 1194 1551 1268 1588; x_wconf 88' lang='lat' dir='ltr'>hoe</span> <span class='ocrx_word' id='word_1_170' title='bbox 1293 1554 1462 1596; x_wconf 88' lang='lat' dir='ltr'>primum</span> 
     </span>
     <span class='ocr_line' id='line_1_24' title="bbox 303 1614 1462 1660; baseline -0.001 -9"><span class='ocrx_word' id='word_1_171' title='bbox 303 1620 365 1651; x_wconf 88' lang='lat' dir='ltr'>est</span> <span class='ocrx_word' id='word_1_172' title='bbox 398 1617 438 1650; x_wconf 89' lang='lat' dir='ltr'>in</span> <span class='ocrx_word' id='word_1_173' title='bbox 473 1628 550 1659; x_wconf 85' lang='lat' dir='ltr'>quo</span> <span class='ocrx_word' id='word_1_174' title='bbox 583 1614 766 1659; x_wconf 84' lang='lat' dir='ltr'>admirer,</span> <span class='ocrx_word' id='word_1_175' title='bbox 799 1628 867 1651; x_wconf 91' lang='lat' dir='ltr'>cur</span> <span class='ocrx_word' id='word_1_176' title='bbox 901 1618 940 1651; x_wconf 92' lang='lat' dir='ltr'>in</span> <span class='ocrx_word' id='word_1_177' title='bbox 971 1616 1206 1660; x_wconf 85' lang='lat' dir='ltr'>gravissimis</span> <span class='ocrx_word' id='word_1_178' title='bbox 1237 1614 1354 1651; x_wconf 85' lang='lat' dir='ltr'>rebus</span> <span class='ocrx_word' id='word_1_179' title='bbox 1385 1628 1462 1650; x_wconf 91' lang='lat' dir='ltr'>non</span> 
     </span>
     <span class='ocr_line' id='line_1_25' title="bbox 303 1676 1467 1723; baseline -0.002 -9"><span class='ocrx_word' id='word_1_180' title='bbox 303 1677 479 1714; x_wconf 88' lang='lat' dir='ltr'>delectet</span> <span class='ocrx_word' id='word_1_181' title='bbox 493 1690 558 1714; x_wconf 89' lang='lat' dir='ltr'>eos</span> <span class='ocrx_word' id='word_1_182' title='bbox 571 1690 699 1714; x_wconf 88' lang='lat' dir='ltr'>sermo</span> <span class='ocrx_word' id='word_1_183' title='bbox 714 1681 876 1723; x_wconf 81' lang='lat' dir='ltr'>patrius,</span> <span class='ocrx_word' id='word_1_184' title='bbox 891 1691 980 1715; x_wconf 87' lang='lat' dir='ltr'>cum</span> <span class='ocrx_word' id='word_1_185' title='bbox 995 1677 1116 1714; x_wconf 87' lang='lat' dir='ltr'>iidem</span> <span class='ocrx_word' id='word_1_186' title='bbox 1130 1677 1293 1713; x_wconf 84' lang='lat' dir='ltr'>fabellas</span> <span class='ocrx_word' id='word_1_187' title='bbox 1306 1676 1467 1713; x_wconf 85' lang='lat' dir='ltr'>Latinas</span> 
     </span>
     <span class='ocr_line' id='line_1_26' title="bbox 303 1739 1464 1787; baseline -0.001 -11"><span class='ocrx_word' id='word_1_188' title='bbox 303 1740 354 1777; x_wconf 85' lang='lat' dir='ltr'>ad</span> <span class='ocrx_word' id='word_1_189' title='bbox 386 1740 549 1777; x_wconf 88' lang='lat' dir='ltr'>verbum</span> <span class='ocrx_word' id='word_1_190' title='bbox 581 1753 602 1776; x_wconf 92' lang='lat' dir='ltr'>e</span> <span class='ocrx_word' id='word_1_191' title='bbox 636 1740 797 1777; x_wconf 85' lang='lat' dir='ltr'>Graecis</span> <span class='ocrx_word' id='word_1_192' title='bbox 832 1753 1034 1787; x_wconf 84' lang='lat' dir='ltr'>expressas</span> <span class='ocrx_word' id='word_1_193' title='bbox 1064 1752 1143 1777; x_wconf 88' lang='lat' dir='ltr'>non</span> <span class='ocrx_word' id='word_1_194' title='bbox 1175 1742 1287 1776; x_wconf 81' lang='lat' dir='ltr'>inviti</span> <span class='ocrx_word' id='word_1_195' title='bbox 1318 1739 1464 1785; x_wconf 83' lang='lat' dir='ltr'>legant.</span> 
     </span>
    </p>
   </div>
   <div class='ocr_carea' id='block_1_3' title="bbox 300 1802 1464 1912">
    <p class='ocr_par' dir='ltr' id='par_1_5' title="bbox 300 1802 1464 1912">
     <span class='ocr_line' id='line_1_27' title="bbox 303 1802 1464 1849; baseline 0 -11"><span class='ocrx_word' id='word_1_196' title='bbox 303 1802 401 1848; x_wconf 85' lang='lat' dir='ltr'>Quis</span> <span class='ocrx_word' id='word_1_197' title='bbox 423 1805 529 1839; x_wconf 89' lang='lat' dir='ltr'>enim</span> <span class='ocrx_word' id='word_1_198' title='bbox 549 1807 631 1839; x_wconf 82' lang='lat' dir='ltr'>tam</span> <span class='ocrx_word' id='word_1_199' title='bbox 653 1806 833 1841; x_wconf 84' lang='lat' dir='ltr'>inimicus</span> <span class='ocrx_word' id='word_1_200' title='bbox 862 1816 989 1849; x_wconf 87' lang='lat' dir='ltr'>paene</span> <span class='ocrx_word' id='word_1_201' title='bbox 1016 1805 1166 1840; x_wconf 86' lang='lat' dir='ltr'>nomini</span> <span class='ocrx_word' id='word_1_202' title='bbox 1196 1802 1371 1839; x_wconf 86' lang='lat' dir='ltr'>Romano</span> <span class='ocrx_word' id='word_1_203' title='bbox 1391 1808 1464 1847; x_wconf 86' lang='lat' dir='ltr'>est,</span> 
     </span>
     <span class='ocr_line' id='line_1_28' title="bbox 300 1865 1463 1912; baseline 0 -11"><span class='ocrx_word' id='word_1_204' title='bbox 300 1868 366 1912; x_wconf 89' lang='lat' dir='ltr'>qui</span> <span class='ocrx_word' id='word_1_205' title='bbox 388 1865 493 1901; x_wconf 89' lang='lat' dir='ltr'>Enni</span> <span class='ocrx_word' id='word_1_206' title='bbox 515 1865 701 1901; x_wconf 89' lang='lat' dir='ltr'>Medeam</span> <span class='ocrx_word' id='word_1_207' title='bbox 720 1870 790 1902; x_wconf 86' lang='lat' dir='ltr'>aut</span> <span class='ocrx_word' id='word_1_208' title='bbox 810 1866 1026 1912; x_wconf 83' lang='lat' dir='ltr'>Antiopam</span> <span class='ocrx_word' id='word_1_209' title='bbox 1047 1865 1189 1902; x_wconf 88' lang='lat' dir='ltr'>Pacuvi</span> <span class='ocrx_word' id='word_1_210' title='bbox 1216 1870 1376 1910; x_wconf 85' lang='lat' dir='ltr'>spernat</span> <span class='ocrx_word' id='word_1_211' title='bbox 1395 1870 1463 1901; x_wconf 79' lang='lat' dir='ltr'>aut</span> 
     </span>
    </p>
   </div>
   <div class='ocr_carea' id='block_1_4' title="bbox 1335 1936 1456 1941">
    <p class='ocr_par' dir='ltr' id='par_1_6' title="bbox 1335 1936 1456 1941">
     <span class='ocr_line' id='line_1_29' title="bbox 1335 1936 1456 1941; baseline 0 0"><span class='ocrx_word' id='word_1_212' title='bbox 1335 1936 1456 1941; x_wconf 95' lang='lat' dir='ltr'> </span> 
     </span>
    </p>
   </div>
   <div class='ocr_carea' id='block_1_5' title="bbox 457 1960 1258 2001">
    <p class='ocr_par' dir='ltr' id='par_1_7' title="bbox 457 1960 1258 2001">
     <span class='ocr_line' id='line_1_30' title="bbox 457 1960 1258 2001; baseline 0.002 -10"><span class='ocrx_word' id='word_1_213' title='bbox 457 1960 650 1998; x_wconf 66' lang='lat' dir='ltr'>aTerence,</span> <span class='ocrx_word' id='word_1_214' title='bbox 669 1960 1090 1999; x_wconf 71' lang='lat' dir='ltr'>licaulonlimorumenos,</span> <span class='ocrx_word' id='word_1_215' title='bbox 1114 1970 1139 1992; x_wconf 89' lang='lat'>1.</span> <span class='ocrx_word' id='word_1_216' title='bbox 1162 1970 1187 1993; x_wconf 88' lang='lat'>1.</span> <span class='ocrx_word' id='word_1_217' title='bbox 1213 1969 1258 2001; x_wconf 87' lang='lat'>17.</span> 
     </span>
    </p>
   </div>
  </div>
 </body>
</html>
