1615 2359
229 1080 280 1114 44

617 112 812 150 CICERO
844 112 918 149 DE
949 112 1169 150 FINIBUS

307 198 460 240 ptatem
499 195 576 229 iam
616 191 772 237 videtis,
806 205 858 229 ne
892 192 1040 229 invidia
1071 192 1182 230 verbi
1213 191 1478 230 labefactetur

307 259 431 294 oratio
450 247 572 300 mea.)
629 255 732 293 Nam
753 268 842 292 cum
862 258 1111 301 ignoratione
1130 268 1263 293 rerum
1286 256 1477 293 bonarum

308 325 350 357 et
369 319 561 356 malarum
580 320 751 355 maxime
770 318 978 355 hominum
998 320 1078 355 vita
1097 323 1276 365 vexetur,
1298 318 1348 355 ob
1368 332 1477 356 eum-

308 396 385 429 que
407 395 580 420 errorem
600 387 642 418 et
657 381 927 427 voluptatibus
943 384 1123 419 maximis
1138 395 1256 428 saepe
1272 384 1477 428 priventur

308 451 350 483 et
373 445 591 482 durissimis
614 446 735 480 animi
762 444 961 481 doloribus
989 449 1261 490 torqueantur,
1283 447 1477 491 sapientia

309 514 369 546 cst
399 507 639 553 adhibenda,
667 520 767 553 quae
800 513 842 544 et
872 508 1088 545 terroribus
1115 507 1476 554 cupiditatibusque

308 572 497 608 detractis
518 575 560 607 et
579 572 756 607 omnium
780 569 967 607 falsarum
991 572 1223 615 opinionum
1247 573 1475 608 temeritate

308 634 474 680 derepta
508 635 764 670 certissimam
799 645 840 669 se
879 633 991 669 nobis
1030 632 1172 670 ducem
1210 633 1399 679 praebeat
1428 632 1477 669 ad

308 697 564 743 voluptatem.
625 696 828 742 Sapientia
858 699 964 733 enim
994 701 1055 733 est
1083 710 1162 733 una
1190 709 1290 742 quae
1319 699 1478 733 maesti-

308 764 405 798 tiam
431 760 556 806 pellat
583 773 631 797 ex
657 762 810 805 animis,
836 773 936 805 quae
963 772 1034 797 nos
1062 760 1340 797 exhorrescere
1367 764 1477 796 metu

308 838 389 861 non
422 826 549 868 sinat3
586 836 663 869 qua
696 825 967 869 praeceptrice
1002 826 1043 860 in
1077 823 1368 869 tranquillitate
1403 825 1478 859 vivi

309 891 454 933 potest,
471 889 648 923 omnium
664 886 929 932 cupiditatum
949 886 1087 923 ardore
1107 889 1310 923 restincto.
1362 886 1478 932 Cupi-

309 950 454 987 ditates
469 952 575 986 enim
590 954 682 986 sunt
696 949 950 994 insatiabiles,
963 962 1063 995 quae
1076 962 1157 986 non
1172 949 1289 986 modo
1305 948 1479 994 singulos

308 1013 488 1051 homines
509 1012 579 1050 sed
598 1014 799 1049 universas
820 1012 986 1049 familias
1003 1017 1201 1057 evertunt,
1216 1017 1343 1049 totam
1359 1014 1478 1049 etiam

308 1076 553 1113 labefactant
576 1087 693 1121 saepe
724 1088 808 1112 rem
835 1074 1044 1120 publicam.
1105 1074 1163 1112 Ex
1195 1075 1477 1121 cupiditatibus

309 1139 410 1184 odia,
432 1138 607 1183 discidia,
629 1138 860 1184 discordiae,
877 1137 1106 1184 seditiones,
1126 1137 1231 1174 bella
1250 1142 1475 1175 nascuntur.

310 1202 395 1240 Nec
423 1214 492 1239 eae
520 1214 561 1238 se
588 1201 681 1237 foris
708 1200 834 1237 solum
861 1203 1011 1237 iactant
1037 1213 1112 1237 nec
1139 1206 1296 1237 tantum
1320 1203 1361 1237 in
1384 1200 1480 1237 alios

310 1279 427 1303 caeco
455 1267 608 1311 impetu
638 1267 858 1309 incurrunt,
883 1263 955 1301 sed
983 1266 1090 1301 intus
1121 1267 1241 1300 etiam
1270 1267 1311 1300 in
1340 1266 1480 1301 animis

310 1328 485 1366 inclusae
506 1331 612 1364 inter
632 1340 673 1364 se
694 1327 891 1364 dissident
910 1332 1031 1373 atque
1051 1327 1301 1371 discordant3
1331 1340 1380 1364 ex
1404 1339 1480 1372 quo

310 1395 433 1428 vitam
458 1393 739 1428 amarissimam
766 1403 929 1427 necesse
956 1394 1018 1427 est
1044 1390 1156 1435 effici,
1177 1395 1222 1427 ut
1245 1392 1401 1436 sapiens
1421 1402 1480 1426 so-

310 1455 405 1501 lum,
415 1458 619 1501 amputata
632 1455 939 1499 circumcisaque
952 1455 1146 1490 inanitate
1160 1455 1266 1490 omni
1281 1457 1322 1490 et
1336 1466 1479 1498 errore,

311 1523 475 1555 naturae
499 1517 642 1554 finibus
667 1521 879 1553 contentus
903 1519 988 1554 sine
1013 1516 1265 1562 aegritudine
1289 1518 1412 1562 possit
1439 1520 1480 1552 et

310 1584 395 1619 sine
414 1585 526 1618 metu
546 1583 689 1617 vivere.
750 1579 863 1625 Quae
884 1584 945 1617 est
965 1582 1072 1616 enim
1095 1583 1164 1616 aut
1188 1579 1321 1616 utilior
1340 1583 1409 1616 aut
1429 1578 1478 1615 ad

309 1646 413 1682 bene
429 1643 643 1681 vivendum
663 1648 792 1689 aptior
811 1645 973 1689 partitio
991 1656 1108 1688 quam
1129 1642 1197 1679 illa
1216 1655 1292 1688 qua
1312 1646 1373 1679 est
1388 1654 1479 1679 usus

310 1707 526 1754 Epicurus?
548 1709 615 1752 qui
630 1720 753 1743 unum
768 1719 895 1752 genus
911 1709 1043 1752 posuit
1063 1719 1197 1743 earum
1216 1705 1479 1751 cupiditatum

309 1784 410 1817 quae
427 1775 561 1807 essent
580 1774 622 1806 et
641 1769 840 1806 naturales
857 1774 899 1806 et
919 1771 1176 1814 necessariae,
1193 1768 1362 1805 alterum
1379 1781 1479 1814 quae

308 1829 508 1866 naturales
528 1833 662 1865 essent
682 1841 756 1864 nec
773 1833 909 1865 tamen
924 1830 1182 1872 necessariae,
1199 1829 1363 1864 tertium
1379 1840 1479 1872 quae

308 1901 382 1925 nec
408 1886 608 1923 naturales
635 1899 709 1923 nec
735 1889 1000 1928 necessariae;
1031 1898 1195 1931 quarum
1221 1898 1267 1922 ea
1290 1887 1389 1921 ratio
1417 1890 1479 1922 est

309 1951 352 1985 ut
371 1947 615 1983 necessariae
635 1957 709 1981 nec
729 1957 848 1990 opera
868 1944 993 1981 multa
1006 1956 1080 1981 nec
1096 1946 1274 1990 impensa
1291 1943 1477 1990 explean-

309 2010 371 2042 tur
381 2017 391 2050 3
411 2017 462 2041 ne
476 2002 675 2040 naturales
688 2002 852 2047 ,quidem
869 2002 995 2039 multa
1011 2001 1254 2046 desiderant,
1267 2006 1476 2047 propterea

416 2063 465 2095 48
