1615 2359
612 116 809 155 CICERO
848 117 922 154 DE
961 117 1180 154 FINlBUS

309 201 442 248 levoli,
458 202 597 249 invIdi,
615 203 807 249 difficiles,
821 203 1000 253 lucifugi,
1015 203 1214 249 maledici,
1230 202 1472 248 monstrosi)

310 264 377 300 alii
391 269 525 301 autem
538 267 659 302 etiam
673 267 872 301 amatoriis
884 265 1114 302 levitatibus
1127 265 1267 310 dediti,
1276 264 1341 300 alii
1356 269 1470 313 petu-

311 317 452 364 lantes,
473 319 539 356 alii
557 320 738 366 audaces,
759 324 944 366 protervi,
960 321 1081 358 iidem
1101 324 1415 368 intemperantes
1435 325 1479 358 et-

312 379 456 423 ignavi,
477 391 692 424 numquam
712 381 753 415 in
779 382 980 416 sententia
998 384 1292 426 permanentes,
1313 393 1407 425 quas
1427 380 1478 416 ob

314 448 447 473 causas
466 439 507 473 in
528 449 664 474 eorum
679 439 759 474 vita
778 437 887 474 nulla
903 443 964 475 est
982 439 1239 484 intercapedo
1258 438 1474 475 molestiae.

315 493 443 540 Igitur
462 508 592 541 neque
613 495 823 532 stultorum
843 498 1049 542 quisquam
1068 497 1209 534 beatus
1228 510 1359 543 neque
1379 498 1479 542 sapi-

315 556 467 590 entium
488 567 568 590 non
583 554 732 591 beatus.
783 554 992 601 Multoque
1008 555 1082 591 hoc
1095 555 1235 592 melius
1247 568 1318 592 nos
1334 557 1480 591 verius-

315 625 391 658 que
408 626 526 658 quam
546 612 678 650 Stoici.
712 613 775 649 Illi
792 616 897 650 enim
914 619 1065 659 negant
1085 627 1170 651 esse
1200 614 1347 651 bonum
1367 613 1480 659 quid-

316 683 433 716 quam
452 674 527 709 nisi
546 674 679 709 nescio
699 685 815 718 quam
835 671 944 708 illam
958 673 1139 709 umbram
1154 672 1260 718 quod
1278 672 1483 718 appellant

317 729 543 776 honestum,
562 743 643 767 non
663 735 746 767 tam
765 730 890 768 solido
916 744 1034 777 quam
1063 731 1272 777 splendido
1300 734 1482 774 nomine;

318 791 506 825 virtutem
526 794 660 826 autem
679 792 812 826 nixam
832 789 907 826 hoc
927 789 1095 827 honesto
1115 790 1265 826 nullam
1283 792 1483 836 requirere

318 847 564 894 voluptatem
597 853 717 894 atque
747 848 798 885 ad
831 849 948 886 beate
975 849 1188 886 vivendum
1218 861 1260 885 se
1290 851 1373 894 ipsa
1400 861 1483 885 esse

318 911 557 944 contentam.

238 962 288 1001 62
373 965 481 1002 XIX.
515 956 628 1003 “Sed
647 970 813 1011 possunt
831 965 928 1002 haec
949 965 1117 1011 quadam
1137 968 1288 1002 ratione
1308 965 1385 1001 dici
1404 978 1482 1001 non

318 1024 436 1061 modo
454 1037 535 1060 non
549 1024 876 1070 repugnantibus,
890 1037 1027 1060 verum
1043 1026 1163 1060 etiam
1177 1023 1485 1069 approbantibus

320 1083 441 1119 nobis.
501 1082 565 1120 Sic
586 1086 692 1119 enim
711 1083 760 1119 ab
785 1082 955 1128 Epicuro
982 1085 1136 1128 sapiens
1162 1095 1318 1128 semper
1343 1082 1482 1119 beatus

320 1141 521 1178 inducitur
533 1154 539 1177 :
553 1141 683 1177 finitas
694 1140 817 1178 habet
829 1141 1066 1187 cupiditates
1078 1154 1086 1185 3
1102 1141 1281 1186 neglegit
1293 1145 1462 1177 mortem
1474 1152 1483 1184 ;

321 1196 371 1233 de
392 1197 452 1233 dis
471 1196 757 1232 immortalibus
777 1199 861 1232 sine
881 1196 962 1232 ullo
982 1201 1092 1232 metu
1113 1209 1204 1232 vera
1233 1198 1375 1240 sentit;
1404 1208 1484 1231 non

322 1251 491 1296 dubitat,
511 1253 543 1287 si
562 1253 617 1287 ita
636 1250 777 1287 melius
797 1254 860 1296 sit³
875 1254 1044 1296 migrare
1060 1250 1110 1287 de
1126 1253 1215 1287 vita.
1278 1250 1353 1287 His
1369 1250 1486 1287 rebus

322 1309 537 1343 instructus
571 1319 727 1351 semper
761 1310 822 1342 est
854 1308 896 1342 in
928 1305 1143 1351 voluptate.
1203 1305 1345 1351 Neque
1379 1307 1485 1342 enim

323 1366 480 1407 tempus
507 1365 568 1397 est
594 1360 720 1397 ullum
746 1373 823 1405 quo
850 1373 929 1396 non
956 1360 1043 1406 plus
1069 1360 1318 1405 voluptatum
1340 1359 1487 1396 habeat

323 1429 441 1462 quam
469 1415 658 1453 dolorum.
719 1415 821 1451 Nam
850 1420 892 1451 et
919 1417 1133 1460 praeterita
1163 1419 1276 1459 grate
1304 1417 1487 1451 meminit

325 1476 367 1508 et
394 1471 667 1516 praesentibus
696 1472 751 1506 ita
770 1473 921 1515 potitur
950 1475 995 1506 ut
1022 1470 1312 1506 animadvertat
1340 1473 1487 1514 quanta

324 1529 404 1562 sint
424 1539 469 1562 ea
495 1538 691 1570 quamque
717 1524 900 1570 iucunda,
921 1537 1051 1570 neque
1078 1524 1230 1570 pendet
1256 1537 1303 1560 ex
1331 1523 1485 1568 futuris,

325 1580 395 1618 sed
415 1585 599 1626 expectat
614 1580 692 1625 illa,
709 1579 852 1616 fruitur
866 1580 1139 1625 praesentibus
1150 1592 1159 1623 ;
1178 1579 1227 1615 ab
1242 1582 1366 1624 iisque
1383 1581 1486 1614 vitiis

324 1648 424 1681 quae
443 1634 560 1680 paulo
579 1639 672 1671 ante
693 1634 836 1680 collegi
855 1635 968 1671 abest
986 1634 1210 1680 plurimum,
1228 1639 1269 1670 et
1285 1647 1374 1670 cum
1389 1633 1486 1670 stul-

323 1695 454 1727 torum
474 1692 595 1725 vitam
623 1703 712 1725 cum
739 1702 808 1726 sua
834 1694 1047 1735 comparat,
1067 1702 1210 1734 magna
1238 1689 1402 1725 afficitur
1423 1700 1487 1724 vo-

323 1745 488 1791 luptate.
549 1744 714 1780 Dolores
734 1749 868 1780 autem
888 1747 919 1780 si
946 1746 1013 1789 qui
1035 1746 1255 1789 incurrunt,
1274 1756 1487 1788 numquam

324 1803 403 1836 vim
423 1803 576 1835 tantam
596 1798 747 1835 habent
767 1804 812 1835 ut
831 1812 911 1835 non
931 1798 1018 1844 plus
1042 1798 1187 1835 habeat
1207 1800 1362 1844 sapiens
1383 1797 1488 1843 quod

243 1853 292 1892 63
323 1854 496 1900 gaudeat
512 1867 629 1898 quam
645 1854 750 1899 quod
766 1858 943 1898 angatur.
997 1853 1159 1899 Optime
1175 1866 1267 1890 vero
1284 1852 1487 1898 Epicurus,
1613 1860 1615 1898 ἦ

322 1909 428 1955 quod
450 1900 669 1954 ‘exiguam'
689 1908 790 1945 dixit
806 1900 1025 1945 ‘fortunam
1045 1911 1285 1945 intervenire
1306 1909 1487 1953 sapienti,
1614 1903 1615 1941 ἶ

371 2007 386 2029 ²
405 2007 529 2040 morosi
546 2006 745 2040 Lambinus
756 2016 765 2045 3
792 2006 1011 2048 monotropi?
1031 2004 1251 2047 (μονότροποι)
1272 2004 1427 2036 Martha.

425 2053 474 2092 64
