1574 2364
190 1861 240 1900 63

570 149 765 186 CICERO
796 149 870 186 DE
901 149 1121 188 FINIBUS

263 232 445 275 princeps
465 232 506 265 in
528 241 574 265 ea
601 228 748 264 familia
776 229 1015 274 consulatus,
1036 242 1125 266 cum
1153 242 1194 266 se
1215 229 1428 266 devoverat

264 298 305 329 et
319 306 420 337 equo
432 292 600 328 admisso
614 295 653 327 in
667 291 838 327 mediam
852 295 976 329 aciem
992 292 1222 329 Latinorum
1242 292 1428 336 irruebat,

264 355 410 400 aliquid
435 355 484 391 de
510 355 778 399 voluptatibus
805 357 883 391 suis
911 356 1137 400 cogitabat?
1178 355 1245 391 ubi
1271 359 1316 391 ut
1341 367 1429 391 eam

265 422 425 462 caperet
445 422 513 453 aut
534 417 716 461 quando?
738 430 827 453 cum
844 420 962 454 sciret
975 417 1187 454 confestim
1207 430 1292 454 esse
1313 419 1430 453 mori-

265 480 427 524 endum,
459 492 624 524 eamque
655 484 825 516 mortem
854 480 1079 516 ardentiore
1112 479 1243 516 studio
1272 484 1432 525 peteret

266 556 382 588 quam
404 543 595 588 Epicurus
621 542 867 588 voluptatem
894 542 1111 588 petendam
1137 547 1263 588 putat.
1314 541 1431 587 Quod

266 606 427 651 quidem
459 609 541 642 eius
573 605 722 642 factum
754 608 827 642 nisi
858 610 963 642 esset
992 608 1075 642 iure
1104 605 1322 650 laudatum,
1352 617 1432 641 non

266 673 371 705 esset
387 671 563 704 imitatus
580 673 719 713 quarto
735 668 940 704 consulatu
957 681 1026 704 suo
1040 667 1153 712 filius,
1170 680 1301 712 neque
1318 680 1433 713 porro

268 745 315 768 ex
330 744 376 768 eo
389 736 504 767 natus
521 744 609 767 cum
628 730 776 776 Pyrrho
791 730 940 767 bellum
956 743 1099 776 gerens
1115 730 1250 766 consul
1271 730 1433 766 cecidis-

268 799 329 831 set
362 797 403 830 in
439 794 587 839 proelio
621 806 742 839 seque
777 807 797 830 e
837 796 1060 830 continenti
1091 806 1240 838 genere
1274 796 1434 829 tertiam

269 860 468 893 victimam
489 860 545 892 rei
566 857 747 901 publicae
768 857 1025 902 praebuisset.
1085 856 1282 892 Contineo
1301 868 1365 892 me
1386 856 1435 891 ab

270 919 471 965 exemplis.
534 919 695 955 Graecis
742 919 817 954 hoc
865 919 1064 955 modicum
1103 924 1177 963 est,
1226 918 1435 963 Leonidas,

270 982 574 1028 Epaminondas,
589 987 669 1018 tres
685 982 804 1027 aliqui
820 987 888 1018 aut
908 986 1114 1027 quattuor:
1145 994 1220 1026 ego
1236 984 1267 1017 si
1283 986 1435 1018 nostros

270 1046 456 1091 colligere
485 1057 665 1090 coepero,
693 1044 892 1090 perficiam
920 1044 1019 1080 illud
1046 1043 1208 1089 quidem
1234 1048 1280 1080 ut
1299 1056 1340 1080 se
1361 1046 1435 1080 vir-

270 1112 348 1146 tuti
383 1107 514 1144 tradat
548 1107 897 1151 constringendam
932 1107 1123 1152 voluptas,
1151 1106 1221 1143 sed
1255 1106 1339 1143 dies
1372 1119 1436 1143 me

271 1172 442 1215 deficiet,
461 1175 513 1215 et,
531 1175 575 1206 ut
589 1171 635 1206 A.
653 1170 803 1214 Varius,
821 1172 887 1215 qui
904 1175 965 1206 est
980 1169 1138 1206 habitus
1154 1169 1271 1205 iudex
1292 1169 1437 1214 durior,

272 1235 404 1271 dicere
443 1236 658 1269 consessori
697 1232 862 1277 solebat,
902 1246 991 1268 cum
1029 1232 1131 1268 datis
1170 1232 1338 1268 testibus
1372 1231 1438 1268 alii

275 1303 410 1333 tamen
442 1299 679 1332 citarentur:
721 1288 823 1332 ‘Aut
851 1295 926 1331 hoc
956 1298 1118 1331 testium
1152 1297 1244 1331 satis
1279 1300 1340 1331 est
1372 1300 1441 1331 aut

275 1362 408 1396 nescio
429 1359 524 1404 quid
553 1361 646 1394 satis
673 1358 748 1402 sit,'
772 1361 826 1394 sic
857 1372 879 1393 a
908 1370 971 1394 me
1007 1360 1100 1394 satis
1129 1357 1266 1394 datum
1293 1362 1355 1394 est
1380 1363 1440 1394 te-

274 1425 403 1459 stium.
456 1420 563 1466 Quid
591 1422 721 1457 enim?
753 1426 793 1457 te
821 1423 961 1466 ipsum,
989 1420 1263 1465 dignissimum
1286 1423 1439 1456 maiori-

274 1486 346 1521 bus
367 1487 457 1529 tuis,
479 1484 712 1529 voluptasne
733 1483 890 1519 induxit
910 1488 954 1519 ut
973 1482 1293 1519 adulescentulus
1315 1485 1439 1528 eripe-

273 1561 335 1585 res
367 1547 406 1583 P.
440 1546 572 1584 Sullae
603 1545 875 1582 consulatum?
933 1545 1064 1590 Quem
1094 1558 1182 1581 cum
1209 1545 1259 1581 ad
1285 1550 1439 1590 patrem

274 1617 388 1647 tuum
418 1609 652 1653 rettulisses,
683 1609 938 1645 fortissimum
968 1611 1107 1653 virum,
1134 1607 1258 1653 qualis
1285 1607 1352 1644 ille
1376 1608 1438 1644 vel

274 1673 408 1709 consul
441 1672 503 1709 vel
532 1675 624 1708 civis
652 1685 742 1708 cum
769 1684 937 1717 semper,
965 1676 1050 1708 tum
1077 1676 1166 1716 post
1193 1670 1439 1708 consulatum

274 1736 368 1773 fuit!
428 1734 518 1780 Quo
539 1734 700 1780 quidem
727 1739 887 1770 auctore
915 1747 986 1770 nos
1010 1736 1083 1779 ipsi
1108 1746 1153 1770 ea
1176 1736 1366 1778 gessimus
1393 1738 1439 1770 ut

272 1799 453 1835 omnibus
473 1800 603 1843 potius
620 1810 736 1842 quam
752 1800 844 1842 ipsis
860 1797 972 1833 nobis
988 1796 1307 1833 consuluerimus.

329 1853 419 1897 “At
440 1873 556 1906 quam
577 1860 741 1905 pulchre
763 1859 894 1896 dicere
916 1859 1113 1904 videbare,
1135 1871 1224 1895 cum
1244 1871 1292 1895 ex
1313 1858 1437 1895 altera

317 1994 373 2024 aA
391 1992 566 2023 reference
583 1995 619 2021 to
636 1991 694 2020 the
713 1990 939 2030 suppression
958 1989 998 2020 of
1015 1991 1074 2021 the
1106 1989 1335 2023 Catilinarian
1354 1999 1434 2020 eon·

272 2038 413 2078 spiracy
429 2035 499 2066 and
517 2034 673 2066 Cieero's
690 2034 903 2074 Subsequent
920 2034 1019 2065 exile.

381 2090 455 2123 150
