1574 2364
556 138 751 175 CICERO
785 138 858 174 DE
890 139 1108 177 FINIBUS

246 222 335 256 veni
357 218 406 255 ad
427 231 645 263 vesperum.
708 218 831 254 Causa
857 223 991 255 autem
1020 218 1096 255 fuit
1123 218 1200 255 huc
1228 220 1412 257 veniendi

247 280 292 311 ut
311 273 501 319 quosdam
523 272 614 309 hinc
637 272 754 309 libros
775 285 1007 318 promerem.
1042 274 1094 310 Et
1111 274 1284 319 quidem,
1303 275 1412 319 Cato,

248 329 348 365 hanc
376 333 502 364 totam
530 330 682 372 copiam
710 330 785 363 iam
815 327 981 364 Lucullo
1008 333 1144 365 nostro
1171 334 1306 366 notam
1328 343 1412 366 esse

247 383 467 429 oportebit3
497 396 587 418 narn
621 382 680 418 his
714 382 823 419 libris
855 396 945 419 eum
977 383 1080 419 malo
1112 397 1230 429 quam
1261 384 1412 430 reliquo

247 443 387 474 ornatu
409 437 522 473 villae
539 437 740 473 delectari.
774 437 846 473 Est
866 440 972 473 enim
992 438 1088 475 mihi
1109 452 1276 484 magnae
1297 452 1411 476 curae

247 486 503 538 (quamquam
523 491 597 528 hoc
618 491 778 536 quidem
800 495 1000 537 proprium
1024 497 1137 529 tuum
1164 507 1307 530 munus
1334 487 1413 537 est)

248 553 293 584 ut
312 551 368 584 ita
388 547 591 584 erudiatur
612 552 655 583 ut
677 552 718 583 et
739 549 840 592 patri
861 551 903 583 et
924 547 1110 592 Caepioni
1132 553 1267 585 nostro
1283 553 1325 585 et
1340 549 1411 584 tibi

248 609 329 639 tam
350 605 570 648 propinquo
590 601 839 647 respondeat.
900 602 1052 638 Laboro
1071 607 1205 639 autem
1226 616 1305 640 non
1325 606 1409 640 sine

249 670 383 701 causa3
411 670 501 693 nam
531 661 572 693 et
598 659 659 692 avi
687 659 770 693 eius
797 659 985 693 memoria
1008 670 1169 694 moveor
1188 650 1281 701 (nec
1302 661 1408 695 enim

248 716 404 758 ignoras
432 714 569 757 quanti
602 711 764 748 fecerim
799 712 1051 757 Caepionem,
1086 715 1166 758 qui,
1201 718 1246 749 ut
1278 716 1411 759 opinio

249 781 337 805 mea
371 767 462 812 fert,
495 769 535 803 in
568 767 809 812 principibus
840 769 916 802 iam
949 772 1055 803 esset
1084 770 1116 804 si
1147 760 1315 811 viveret)
1347 759 1411 804 et1

252 822 438 859 Lucullus
454 821 551 858 mihi
568 826 743 858 versatur
759 826 851 857 ante
869 822 1014 867 oculos,
1030 824 1087 857 vir
1103 835 1191 858 cum
1208 815 1412 860 omnibus²

250 878 462 922 excellens,
483 882 568 913 tum
589 889 743 912 mecum
765 881 806 912 et
826 879 998 913 amicitia
1019 882 1060 913 et
1079 880 1185 913 omni
1207 877 1411 914 voluntate

251 935 529 977 sententiaque
544 932 815 968 coniunctus.''
832 922 856 938 “
868 931 1110 976 P1·aeclare‚”
1125 935 1266 977 inquit,
1288 923 1412 969 “facis

251 1002 339 1025 cum
361 993 403 1025 et
423 1000 557 1024 eorum
578 988 807 1022 memoriam
827 991 940 1022 tenes
961 999 1127 1031 quorum
1148 992 1315 1032 uterque
1340 988 1411 1023 tibi

250 1047 491 1080 testamento
530 1042 673 1078 liberos
711 1054 799 1077 suos
833 1041 1138 1086 commendavit,
1173 1047 1214 1078 et
1248 1055 1412 1087 puerum

250 1099 390 1143 diligis.
424 1096 542 1142 Quod
561 1101 695 1132 autem
714 1109 847 1132 meum
863 1109 1006 1132 munus
1021 1096 1118 1133 dicis
1133 1109 1213 1133 non
1229 1097 1413 1142 equidem

250 1166 400 1197 recuso,
425 1152 495 1188 sed
519 1157 559 1188 te
584 1151 757 1195 adiungo
786 1153 944 1187 socium.
1006 1151 1123 1188 Addo
1153 1154 1272 1188 etiam
1303 1151 1412 1197 illud,

250 1208 375 1245 multa
408 1210 484 1243 iam
519 1206 615 1242 mihi
650 1205 742 1242 dare
777 1209 889 1250 signa
918 1219 1083 1250 puerum
1113 1211 1154 1242 et
1183 1206 1342 1252 pudoris
1372 1211 1414 1243 et

250 1266 407 1308 ingeni3
451 1261 520 1298 sed
563 1266 737 1297 aetatem
782 1260 928 1297 vides.”
988 1252 1148 1297 “Video
1187 1260 1410 1306 equidem,'’

250 1321 432 1363 inquam3
453 1308 556 1352 “sed
578 1321 712 1352 tamen
734 1318 810 1351 iam
831 1315 935 1351 infici
952 1315 1076 1352 debet
1091 1318 1136 1352 iis
1151 1317 1301 1352 artibus
1317 1329 1412 1361 quas

251 1377 281 1411 si
302 1373 396 1409 dum
417 1377 478 1408 est
498 1376 613 1407 tener
634 1370 879 1413 combiberit,
900 1370 950 1406 ad
970 1373 1116 1407 maiora
1143 1373 1278 1408 veniet
1303 1384 1412 1416 para-

253 1427 365 1465 tior.’'
425 1417 543 1469 “Sic;
571 1430 612 1462 et
639 1424 800 1470 quidem
826 1425 1058 1470 diligentius
1081 1427 1315 1471 saepiusque
1339 1429 1413 1462 ista

251 1484 457 1528 loquemur
488 1484 593 1517 inter
624 1493 693 1516 nos
725 1492 967 1525 agemusque
999 1483 1273 1517 communiter.
1332 1480 1412 1518 Sed

252 1536 505 1581 residamus,’'
528 1538 669 1580 inquit,
692 1525 755 1570 “si
776 1534 945 1580 placet.”
1006 1534 1146 1580 Itaque
1167 1534 1342 1572 fecimus.

468 1586 476 1604 ¹
494 1587 599 1617 Halm
617 1585 707 1627 conj.
726 1586 762 1615 L.
784 1585 959 1615 Lucullus.

467 1629 478 1648 ²
495 1630 614 1660 Baiter
628 1627 718 1670 conj.
738 1628 897 1659 omnibus
913 1628 1113 1659 virtulibus.

296 1700 311 1717 a
323 1694 398 1724 The
413 1703 535 1733 young
550 1692 742 1722 Lucullus's
758 1690 1005 1731 grandfather,
1020 1690 1063 1732 Q.
1084 1690 1250 1721 Servilius
1267 1689 1414 1730 Caepio,

253 1748 329 1768 was
346 1741 514 1777 quaestor
534 1745 592 1766 100
609 1742 679 1765 B.C.
694 1733 765 1765 and
781 1733 863 1764 died
877 1744 919 1774 90
931 1741 1003 1765 B.C.
1019 1734 1118 1764 when
1134 1733 1260 1764 Cicero
1272 1743 1348 1763 was
1365 1733 1412 1763 16.

256 1781 322 1811 But
338 1781 397 1810 the
413 1778 595 1818 following
610 1777 729 1808 words
745 1787 839 1808 seem
857 1781 892 1807 to
905 1777 996 1807 refer
1007 1780 1043 1807 to
1056 1787 1078 1807 a
1091 1776 1227 1817 Caepio
1239 1776 1329 1814 who,
1345 1775 1414 1806 had

254 1825 296 1854 he
313 1827 374 1854 not
389 1821 470 1853 died
487 1822 736 1861 prematurely,
751 1820 866 1850 would
883 1820 926 1850 be
942 1820 975 1850 in
993 1820 1051 1850 the
1067 1819 1177 1860 prime
1194 1819 1234 1849 of
1244 1819 1301 1849 life
1314 1819 1414 1849 when

254 1867 380 1898 Cicero
407 1865 537 1895 writes.
585 1864 673 1894 This
700 1868 794 1894 must
821 1873 923 1893 mean
950 1863 1010 1893 the
1033 1861 1169 1903 Caepio
1192 1861 1232 1892 of
1257 1863 1315 1892 the
1339 1871 1415 1902 pre-

253 1910 383 1949 ceding
399 1912 576 1943 sentence,
596 1907 788 1937 Lucullus's
812 1907 923 1943 uncle,
942 1906 1021 1936 who
1045 1916 1126 1946 may
1144 1905 1220 1935 well
1243 1905 1333 1935 have
1355 1904 1415 1934 left

254 1953 380 1985 Cicero
397 1962 438 1982 as
454 1951 513 1982 the
530 1950 707 1991 guardian
724 1949 764 1980 of
777 1949 829 1979 his
847 1959 923 1986 son,
941 1959 983 1979 as
1000 1949 1029 1979 is
1046 1947 1165 1979 stated
1178 1947 1303 1978 below.
1350 1947 1415 1977 We

254 2006 337 2036 may
359 2004 502 2026 assume
526 1994 604 2024 that
620 1992 728 2023 aviis
744 2002 766 2022 a
794 1991 871 2032 slip,
897 1992 1010 2023 either
1031 1991 1072 2023 of
1092 1990 1250 2023 Cicero's
1273 2000 1314 2021 or
1335 1989 1376 2020 of
1393 2000 1414 2019 a

253 2037 433 2080 copyist's,
453 2037 507 2068 for
521 2035 695 2068 avunculi
708 2034 877 2075 (Schiitz).

361 2092 438 2124 2⁶24
