1574 2364
250 235 297 272 87

252 1708 298 1740 88

637 151 834 188 CICERO
865 151 939 188 DE
969 151 1188 189 FINIBUS

329 244 466 268 omnes
495 243 638 268 sumus.
700 231 790 267 Hoc
821 230 918 267 mihi
943 244 1033 268 cum
1058 236 1129 268 tuo
1152 231 1273 268 fratre
1299 235 1496 270 convenit.

328 303 460 348 Quare
492 303 565 339 hoc
596 301 812 339 videndum
843 307 918 347 est,
948 305 1124 348 possitne
1153 303 1265 340 nobis
1295 303 1369 340 hoe
1398 306 1498 340 ratio

328 374 650 420 philosophorum
680 373 785 410 dare.
847 373 1062 411 Pollicetur
1093 379 1213 411 certe.
1275 375 1359 412 Nisi
1391 377 1496 412 enim

328 446 368 483 id
383 445 547 490 faceret,
563 458 631 481 cur
649 444 761 481 Plato
777 445 1009 491 Aegyptum
1025 449 1249 492 peragravit
1267 451 1311 483 ut
1331 460 1353 483 a
1372 459 1498 484 sacer-

327 518 485 554 dotibus
506 517 679 553 barbaris
699 530 883 554 numeros
904 523 945 554 et
972 517 1157 554 caelestia
1177 519 1404 564 acciperet?
1431 532 1499 556 cur

329 594 417 635 post
436 589 654 625 Tarentum
674 588 723 625 ad
745 588 989 634 Archytam?
1010 602 1079 626 cur
1094 589 1144 626 ad
1160 589 1330 635 reliquos
1352 590 1497 636 Pytha-

329 674 481 706 goreos,
505 660 780 706 Echecratem,
801 660 1021 705 Timaeum,
1039 661 1230 697 Arionem
1259 661 1415 706 Locros,
1438 667 1494 708 ut,

330 745 416 770 cum
447 732 650 769 Socratem
681 734 951 777 expressisset,
983 731 1222 777 adiungeret
1254 733 1496 778 Pythagore-

327 817 438 840 orum
471 803 719 849 disciplinam
753 816 878 849 eaque
910 816 1010 849 quae
1046 803 1228 841 Socrates
1262 804 1497 850 repudiabat

328 875 552 912 addisceret
567 876 580 911 ?
602 888 670 911 cur
686 878 769 921 ipse
793 874 1036 920 Pythagoras
1053 880 1095 912 et
1108 875 1340 921 Aegyptum
1355 876 1495 914 lustra-

331 950 385 983 vit
414 951 456 983 et
487 946 693 982 Persarum
722 959 857 991 magos
887 946 1012 983 adiit?
1052 959 1121 983 cur
1150 951 1281 984 tantas
1314 951 1497 993 regiones

331 1018 582 1054 barbarorum
604 1017 772 1063 pedibus
793 1018 904 1063 obiit,
925 1022 987 1054 tot
1006 1021 1127 1054 maria
1154 1020 1399 1056 transmisit?
1430 1033 1498 1056 cur

337 1089 434 1125 haec
472 1087 611 1125 eadem
651 1087 932 1124 Democritus?
973 1087 1041 1136 qui
1070 1085 1178 1136 (vere
1208 1085 1371 1133 falsone,
1409 1100 1488 1124 non

337 1170 569 1209 quaeremus
584 1156 618 1207 1)
646 1156 791 1193 dicitur
820 1169 861 1193 se
895 1155 1019 1192 oculis
1056 1158 1254 1205 privasse3
1292 1161 1415 1201 certe,
1444 1161 1490 1193 ut

337 1241 454 1278 quam
474 1229 636 1263 minime
657 1228 810 1262 animus
830 1239 852 1261 a
877 1225 1184 1274 cogitationibus
1212 1225 1491 1272 abduceretur,

336 1299 617 1347 patrimonium
637 1294 831 1345 neglexit,
851 1307 964 1344 agros
983 1293 1160 1332 deseruit
1188 1294 1372 1342 incultos,
1395 1295 1490 1346 quid

332 1378 525 1412 quaerens
546 1364 653 1402 aliud
673 1367 747 1402 nisi
776 1367 897 1401 vitam
925 1365 1111 1402 beatam?
1170 1363 1300 1410 Quam
1326 1368 1358 1402 si
1379 1369 1499 1404 etiam

332 1441 371 1474 in
394 1450 524 1473 rerum
546 1439 774 1481 cognitione
796 1437 983 1482 ponebat,
1004 1441 1141 1473 tamen
1169 1449 1217 1473 ex
1245 1436 1312 1473 illa
1337 1439 1499 1475 investi-

331 1507 491 1549 gatione
506 1508 670 1540 naturae
684 1505 871 1548 consequi
886 1502 1044 1540 volebat
1057 1503 1159 1540 bono
1172 1508 1217 1540 ut
1231 1508 1336 1540 esset
1348 1507 1499 1547 animo3

332 1570 371 1606 id
407 1572 513 1607 enim
554 1569 620 1606 ille
660 1583 857 1607 summum
896 1569 1044 1606 bonum
1083 1568 1263 1615 εὐθυμίαν
1300 1575 1342 1607 et
1379 1583 1497 1617 saepe

333 1635 531 1681 ἀθαμβίαν
560 1636 748 1682 appellat,
769 1636 810 1672 id
841 1641 902 1673 est
931 1638 1107 1673 animum
1135 1640 1287 1673 terrore
1316 1636 1495 1674 liberum.

332 1702 411 1740 Sed
438 1702 536 1739 11360
565 1705 638 1739 etsi
667 1703 880 1748 praeclare,
909 1702 1087 1739 nondum
1114 1701 1251 1739 tamen
1281 1703 1497 1749 perpolita;

330 1783 453 1816 pauca
490 1771 609 1814 enim,
643 1782 773 1814 neque
805 1782 851 1806 ea
889 1772 973 1815 ipsa
1003 1769 1225 1815 enucleate,
1256 1769 1306 1806 ab
1340 1769 1416 1806 hoc
1446 1770 1497 1807 de

328 1840 476 1873 virtute
498 1835 661 1881 quidem
682 1835 798 1872 dicta.
861 1835 954 1872 Post
982 1837 1088 1872 enim
1115 1835 1214 1873 haec
1241 1838 1281 1872 in
1305 1835 1379 1873 hae
1399 1837 1495 1873 urbe

329 1905 499 1949 primum
533 1914 555 1938 3
587 1893 749 1939 Socrate
781 1905 917 1947 quaeri
949 1907 1102 1948 coepta,
1135 1902 1282 1940 deinde
1316 1905 1357 1939 in
1391 1902 1496 1940 hunc

327 1969 458 2005 locum
487 1967 620 2005 delata
650 1972 756 2012 sunt,
784 1981 859 2004 nec
891 1968 1118 2005 dubitatum
1148 1971 1244 2014 quin
1278 1972 1319 2006 in
1349 1972 1496 2006 virtute

556 2039 569 2059 ¹
587 2049 653 2072 non
670 2048 869 2081 quaeremus
885 2039 1016 2073 Davis:
1043 2049 1290 2082 quaereremus,

437 2084 514 2122 490
