1574 2364
608 169 805 206 CICERO
837 168 910 205 DE
941 169 1160 206 FINIBUS

299 254 434 286 tamen
462 262 541 285 non
571 254 695 294 negat
726 248 900 286 libenter
921 262 1109 294 umquam
1140 261 1301 285 cenasse
1332 247 1464 284 Gallo-

299 319 409 352 nium
433 307 692 359 (mentiretur
713 308 851 361 enim),
872 315 943 352 sed
975 316 1088 353 bene.
1151 315 1212 352 Ita
1231 317 1405 360 graviter
1425 319 1467 351 et

299 395 435 420 severe
457 382 703 428 voluptatem
736 385 908 419 secernit
938 396 961 418 a
993 383 1106 419 bono.
1167 382 1227 418 Ex
1259 395 1336 427 quo
1368 380 1465 418 illud

300 450 477 494 efficitur,
495 452 561 495 qui
582 450 685 485 bene
707 454 855 485 cenent
876 461 1012 486 omnes
1032 449 1207 486 libenter
1227 461 1382 493 cenare,
1400 450 1464 493 qui

299 516 484 560 libenter,
502 528 581 551 non
602 518 791 552 continuo
812 515 925 551 bene.
987 515 1152 560 Semper
1173 514 1328 552 Laelius
1349 514 1461 551 bene.

221 587 268 619 25
301 582 407 628 Quid
428 583 555 619 bene?
615 582 734 619 Dicet
755 581 948 618 Lucilius:

950 683 1077 723 cocto,

408 742 592 787 Condito,

301 814 370 852 scd
393 814 491 850 cedo
512 818 630 860 caput
653 825 795 850 cenae:

572 896 753 921 sermone
774 884 890 927 bono,

300 957 394 1003 quid
417 970 464 993 ex
486 955 557 993 eo?

918 1020 948 1054 si
971 1021 1138 1063 quaeris,
1158 1017 1351 1062 libentem

301 1115 487 1152 veniebat
519 1116 624 1150 enim
652 1112 701 1149 ad
738 1126 875 1149 cenam
897 1118 942 1149 ut
973 1116 1104 1149 animo
1139 1117 1274 1159 quieto
1305 1117 1466 1152 satiaret

301 1181 497 1218 desideria
532 1185 708 1216 naturae.
772 1180 894 1216 Recte
927 1192 1022 1225 ergo
1056 1183 1087 1217 is
1122 1186 1245 1226 negat
1279 1194 1465 1226 umquam

302 1249 403 1285 bene
426 1259 585 1284 cenasse
616 1246 856 1290 Gallonium,
878 1251 987 1282 recte
1017 1249 1216 1292 miserum,
1235 1261 1323 1284 cum
1356 1261 1466 1293 prae-

302 1318 438 1352 sertim
478 1317 518 1350 in
558 1326 604 1350 eo
643 1326 759 1349 omne
801 1312 975 1348 studium
1015 1319 1275 1351 consumeret.
1337 1314 1467 1360 Quem

300 1383 473 1419 libenter
493 1393 652 1418 cenasse
674 1392 790 1416 nemo
811 1384 942 1424 negat.
1004 1380 1080 1416 Cur
1099 1383 1221 1425 igitur
1240 1394 1320 1417 non
1341 1382 1467 1418 bene?

302 1449 405 1495 Quia
436 1447 541 1493 quod
573 1448 688 1491 bene,
710 1446 750 1482 id
781 1451 903 1491 recte,
932 1446 1152 1492 frugaliter,
1182 1447 1370 1492 honeste;
1400 1447 1467 1485 ille

302 1529 415 1561 porro
463 1506 612 1560 prave,1
664 1515 861 1558 nequiter,
915 1516 1086 1558 turpiter
1137 1515 1328 1559 cenabat3
1385 1528 1465 1551 non

300 1585 421 1628 igitur
461 1574 595 1617 bene.‘“'
658 1580 743 1616 Nec
783 1579 932 1625 lapathi
971 1582 1207 1617 suavitatem
1246 1584 1464 1627 acipenseri

302 1649 458 1686 Galloni
488 1647 644 1684 Laelius
673 1647 957 1692 anteponebat,
979 1646 1050 1684 sed
1076 1650 1312 1685 suavitatem
1338 1651 1462 1694 ipsam

300 1715 560 1761 neglcgebat3
591 1713 696 1758 quod
729 1726 808 1749 non
830 1712 980 1750 faceret
1007 1715 1038 1750 si
1065 1715 1106 1750 in
1128 1714 1331 1759 voluptate
1358 1728 1463 1752 sum-

297 1795 406 1819 mum
428 1782 572 1817 bonum
594 1785 771 1826 poneret.

218 1848 268 1886 ‘26
355 1848 421 1884 IX.
456 1846 703 1885 Semovenda
728 1851 789 1883 est
813 1848 935 1892 igitur
959 1846 1138 1892 voluptas
1164 1860 1245 1884 non
1272 1848 1396 1885 solum
1421 1854 1464 1886 ut

298 1920 407 1953 recta
441 1916 659 1960 sequamini
695 1912 766 1949 sed
800 1915 920 1949 etiam
952 1917 998 1950 ut
1031 1912 1138 1959 loqui
1165 1913 1308 1951 deceat
1333 1913 1463 1960 fruga-

427 2010 541 2052 ’porro
559 2009 648 2040 male
658 2013 770 2050 prave
788 2008 909 2044 MSS.;
935 2008 1024 2040 male
1042 2008 1138 2040 Mdv.
1159 2008 1336 2041 brackets.

426 2052 530 2085 ²bene
547 2052 703 2084 inserted
721 2051 766 2093 by
785 2051 883 2088 Mdv,

408 2108 482 2140 llo
