1574 2364
590 138 786 177 CICERO
817 138 893 176 DE
923 139 1144 179 FINIBUS

280 219 454 257 fendunt
488 232 576 256 eam
608 221 758 256 versuti
792 221 834 255 in
867 218 1099 256 disserendo
1137 225 1231 257 sunt
1269 234 1343 258 nec
1381 224 1449 268 qui

228 287 249 321 3
280 288 416 320 contra
433 283 572 319 dicunt
589 294 744 318 causam
761 281 960 318 difficilem
975 283 1188 328 repellunt.
1223 283 1312 330 Ipse
1329 288 1449 322 etiam

277 346 374 383 dicit
396 346 589 391 Epicurus
616 357 667 381 ne
694 345 1057 390 argumentandum
1084 346 1246 392 quidem
1279 360 1364 384 esse
1396 348 1447 385 de

279 409 496 454 voluptate,
513 408 618 454 quod
636 410 687 445 sit
703 410 875 453 positum
891 408 1080 445 iudicium
1097 412 1180 446 eius
1196 413 1237 446 in
1253 411 1447 456 sensibus,

278 478 322 509 ut
357 474 600 508 commoneri
631 484 702 508 nos
733 473 828 508 satis
862 474 927 516 sit,
962 471 1061 507 nihil
1095 474 1267 509 attineat
1301 473 1444 511 doceri.

280 539 411 584 Quare
439 538 506 574 illa
531 538 644 574 nobis
671 537 840 583 simplex
871 536 949 574 fuit
979 539 1021 574 in
1052 542 1262 584 utramque
1294 544 1447 585 partem

277 602 504 647 disputatio.
537 601 622 638 Nec
643 603 750 637 enim
771 603 812 637 in
831 600 1021 646 Torquati
1036 613 1217 639 sermone
1233 601 1449 648 quidquam

278 664 523 709 implicatum
551 667 620 700 aut
649 668 871 700 tortuosum
901 663 990 708 fuit,
1020 668 1246 710 nostraque,
1277 670 1322 702 ut
1351 664 1447 701 mihi

278 728 447 771 videtur,
498 726 672 763 dilucida
719 729 854 763 oratio.
915 726 1137 763 Stoicorum
1185 732 1320 764 autem
1368 741 1448 765 non

253 813 256 814 ν
279 793 434 835 ignoras
459 803 576 835 quam
604 792 654 825 sit
679 789 825 826 subtile
854 789 914 825 vel
940 792 1143 834 spinosum
1167 793 1298 836 potius
1325 790 1447 827 disse-

278 853 391 890 rendi
416 866 555 898 genus,
580 852 700 897 idque
733 865 821 888 cum
855 852 1030 897 Graecis,
1063 857 1148 888 tum
1179 855 1303 898 magis
1335 854 1448 890 nobis

278 917 419 962 quibus
459 918 579 952 etiam
618 915 737 951 verba
776 915 965 960 parienda
999 920 1092 951 sunt
1126 916 1447 961 imponendaque

278 993 378 1017 nova
425 980 541 1016 rebus
581 982 691 1016 novis
730 982 900 1016 nomina.
971 978 1088 1024 Quod
1128 979 1290 1024 quidem
1329 992 1447 1016 nemo

278 1043 533 1080 mediocriter
553 1042 692 1079 doctus
718 1042 937 1087 mirabitur,
962 1044 1141 1087 cogitans
1165 1045 1205 1078 in
1230 1046 1337 1079 omni
1361 1048 1448 1080 arte

279 1109 388 1142 cuius
421 1118 512 1142 usus
545 1105 714 1150 vulgaris
749 1107 1050 1150 communisque
1082 1117 1162 1141 non
1197 1108 1248 1142 sit
1281 1105 1448 1142 multam

281 1175 500 1209 novitatem
520 1174 727 1207 nominum
749 1183 834 1207 esse
866 1183 955 1207 cum
988 1173 1283 1208 constituantur
1315 1184 1449 1208 earum

280 1251 411 1274 rerum
454 1236 643 1273 vocabula
686 1249 786 1282 quae
827 1239 867 1272 in
907 1249 1063 1282 quaque
1102 1241 1187 1274 arte
1227 1242 1446 1274 versentur.

227 1310 249 1341 4
279 1305 418 1349 Itaque
440 1308 482 1340 et
502 1302 701 1339 dialectici
718 1307 760 1339 et
775 1302 927 1348 physici
946 1302 1073 1339 verbis
1094 1307 1262 1339 utuntur
1283 1305 1328 1339 iis
1348 1315 1449 1348 quae

279 1372 352 1416 ipsi
387 1370 577 1406 Graeciae
612 1373 707 1405 nota
744 1380 824 1405 non
863 1359 974 1412 sint,1
1008 1372 1239 1413 geometrae
1278 1380 1371 1405 vero
1410 1373 1452 1405 et

280 1435 430 1476 musici,
452 1434 699 1477 grammatici
732 1434 865 1476 etiam,
891 1443 999 1467 more
1031 1430 1202 1476 quodam
1234 1430 1451 1476 loquuntur

279 1511 368 1541 suo;
390 1501 496 1543 ipsae
522 1497 724 1533 rhetorum
750 1501 868 1542 artes,
893 1509 994 1542 quae
1019 1501 1113 1533 sunt
1137 1501 1245 1533 totae
1273 1496 1450 1533 forenses

279 1570 399 1610 atque
438 1563 660 1609 populares,
699 1563 828 1599 verbis
867 1567 1002 1599 tamen
1041 1564 1082 1598 in
1122 1561 1302 1599 docendo
1341 1565 1451 1608 quasi

281 1632 442 1677 privatis
462 1633 632 1666 utuntur
651 1642 696 1665 ac
717 1632 805 1666 suis.

337 1695 387 1732 ΙΙ.
421 1694 556 1740 Atque
577 1699 622 1731 ut
642 1697 825 1732 omittam
852 1693 922 1731 has
948 1698 1053 1731 artes
1081 1693 1288 1739 elegantes
1319 1698 1362 1731 et
1393 1696 1450 1731 in-

281 1774 443 1809 genuas,
464 1773 515 1797 ne
536 1760 696 1806 opifices
717 1760 879 1806 quidem
900 1761 1004 1796 tueri
1025 1772 1094 1796 sua
1109 1759 1274 1796 artificia
1288 1764 1452 1805 possent

283 1830 357 1865 nisi
379 1825 577 1862 vocabulis
593 1830 805 1862 uterentur
820 1825 933 1862 nobis
949 1826 1174 1871 incognitis,
1191 1827 1347 1862 usitatis
1364 1825 1448 1862 sibi.

284 1894 391 1940 Quin
428 1894 548 1928 etiam
583 1894 666 1937 agri
702 1891 868 1936 cultura,
904 1904 1004 1937 quae
1038 1890 1226 1928 abhorret
1259 1890 1309 1927 ab
1342 1893 1450 1928 omni

283 1960 465 2007 politiore
487 1957 699 2003 elegantia,
721 1962 855 1994 tamen
877 1970 942 1994 eas
965 1970 1028 1994 res
1048 1960 1088 1993 in
1111 1957 1253 2003 quibus
1273 1960 1452 1994 versatur

623 2031 716 2064 ¹sint
732 2031 846 2069 Mdv.;
860 2035 947 2063 sunt
962 2032 1067 2067 MSS,

392 2092 435 2123 21
448 2091 468 2122 8
