1574 2364
629 125 825 162 CICERO
858 125 931 162 DE
962 125 1181 163 FINIBUS

1146 205 1162 229 ¹
1184 219 1244 250 est
1271 213 1485 259 reprehen-

318 222 400 252 tam
421 214 538 251 valde
566 213 867 260 perhorrescere
895 205 1019 259 (quod
1038 216 1137 250 item

319 281 495 318 dendum
530 284 570 317 in
610 272 787 325 dolore);
829 280 899 317 sed
938 283 1028 325 quia
1062 280 1145 317 fere
1178 283 1231 317 sic
1266 281 1486 316 afficiuntur

318 362 468 393 omnes,
490 351 582 385 satis
611 351 836 393 argumenti
867 353 927 384 est
956 348 1005 383 ab
1029 350 1192 384 interitu
1218 353 1398 384 naturam
1418 347 1485 383 ab·

319 417 477 453 horrere
494 428 502 459 3
532 415 652 460 idque
674 428 751 459 quo
770 417 895 459 magis
912 414 1071 459 quidam
1092 418 1146 450 ita
1166 415 1318 450 faciunt
1337 420 1382 451 ut
1402 416 1485 450 iure

320 486 439 519 etiam
462 482 821 527 reprehendantur,
842 481 915 517 hoc
937 485 1061 526 magis
1086 481 1404 525 intellegendum
1425 485 1486 517 est

321 550 417 586 haec
439 553 521 594 ipsa
543 551 662 585 nimia
688 552 728 584 in
750 548 984 593 quibusdam
1013 548 1145 584 futura
1165 561 1244 583 non
1272 547 1391 583 fuisse
1411 550 1485 582 nisi

319 616 512 662 quaedam
553 620 687 651 essent
726 615 880 651 modica
919 620 1069 651 natura.
1144 615 1229 650 Nec
1268 627 1360 650 vero
1398 614 1485 650 dico

322 697 457 720 eorum
479 687 632 719 metum
654 685 790 718 mortis
811 685 891 727 qui,
913 685 1003 726 quia
1025 684 1165 727 privari
1187 694 1228 717 se
1250 684 1352 717 vitae
1374 681 1485 717 bonis

317 750 561 786 arbitrentur
576 753 644 785 aut
658 751 748 793 quia
765 748 952 792 quasdam
970 752 1059 793 post
1072 752 1238 783 mortem
1257 746 1486 782 formidines

319 819 583 852 extimescant
603 820 672 851 aut
694 807 749 850 si²
770 819 953 850 metuant
974 827 1024 850 ne
1046 827 1133 850 cum
1156 814 1290 850 dolore
1317 816 1484 849 morian-

317 889 395 928 tur,
417 883 562 918 idcirco
592 887 761 918 mortem
792 881 973 925 fugiant;
1003 883 1043 916 in
1074 883 1200 926 parvis
1231 883 1336 916 enim
1367 892 1484 925 saepe

317 953 383 996 qui
417 950 513 985 nihil
553 962 688 985 eorum
724 951 916 992 cogitant,
951 951 982 984 si
1017 947 1175 993 quaudo
1215 950 1260 983 iis
1299 946 1483 982 ludentes

319 1020 512 1053 minamur
526 1018 851 1061 praecipitaturos
865 1013 1061 1058 alicunde,
1077 1017 1352 1050 extimescunt.
1377 1012 1483 1058 Quin

319 1087 439 1120 etiam
461 1074 471 1090 ἴ
485 1082 616 1127 serae,’
640 1084 770 1126 inquit
792 1081 994 1125 Pacuvius,

319 1143 327 1158 ‘
342 1151 482 1196 quibus
502 1150 615 1185 abest
631 1149 680 1185 ad
701 1147 1017 1193 praecavendum
1033 1146 1296 1191 intellegendi
1313 1145 1482 1190 astutia:

320 1220 466 1254 iniecto
487 1221 637 1252 terrore
658 1217 796 1251 mortis
818 1206 827 1221 ‘
841 1213 1100 1250 horrescrmt.'
1160 1212 1258 1258 Quis
1279 1217 1413 1249 autem
1433 1212 1484 1249 de

318 1288 401 1330 ipso
420 1286 599 1328 sapiente
621 1282 736 1318 aliter
757 1284 957 1317 existimat
977 1284 1085 1326 quin,
1108 1283 1226 1316 etiam
1244 1293 1333 1316 cum
1348 1279 1484 1316 decre-

317 1354 419 1388 verit
446 1363 530 1386 esse
558 1348 821 1392 moriendum,
844 1353 978 1384 tamen
1008 1347 1181 1383 discessu
1211 1360 1232 1382 a
1262 1349 1340 1383 suis
1363 1351 1484 1392 atque

318 1422 402 1464 ipsa
436 1415 697 1461 relinquenda
732 1415 820 1450 luce
855 1414 1087 1450 moveatur?
1147 1414 1320 1449 Maxime
1349 1418 1484 1449 autem

318 1489 358 1522 in
380 1485 454 1521 hoc
475 1483 636 1529 quidem
656 1494 805 1527 genere
826 1484 881 1516 vis
899 1486 960 1517 est
980 1483 1184 1525 perspicua
1200 1485 1378 1524 naturae,
1395 1493 1483 1516 cum

320 1557 361 1588 et
391 1550 692 1587 mendicitatem
725 1548 840 1583 multi
873 1550 1151 1592 perpetiantur
1185 1551 1229 1582 ut
1263 1549 1409 1591 vivant,
1442 1552 1484 1583 et

319 1623 516 1663 angantur
544 1617 927 1662 appropinquatione
947 1616 1084 1649 mortis
1105 1613 1276 1650 confecti
1303 1613 1483 1650 homines

321 1689 542 1728 senectute,
560 1687 601 1719 et
622 1695 668 1718 ea
688 1680 892 1727 perferant
908 1693 1007 1725 quae
1027 1680 1290 1716 Philoctetam
1306 1680 1483 1716 videmus

318 1756 359 1789 in
380 1751 546 1794 fabulis3
576 1752 641 1794 qui
664 1761 752 1785 cum
774 1750 1013 1783 cruciaretur
1033 1760 1112 1782 non
1140 1746 1313 1783 ferendis
1341 1746 1482 1782 dolori-

321 1820 404 1862 bus,
433 1817 677 1864 propagabat
703 1821 838 1851 tamen
866 1816 986 1849 vitam
1015 1816 1205 1859 aucupio3
1237 1805 1482 1857 ‘configebat

319 1885 454 1922 tardus
483 1883 644 1928 celeres,
667 1887 774 1918 stans
801 1880 1005 1925 volantes,’
1029 1886 1073 1917 ut
1100 1880 1204 1926 apud
1226 1880 1381 1916 Attium
1410 1884 1483 1922 est,

623 1969 725 2006 ¹'istem
739 1986 750 2005 .·
768 1973 863 2004 Mdv.
886 1972 974 2014 conj.
997 1973 1096 2005 idem.

620 2017 696 2048 251⁸:
722 2018 846 2048 Miiller
863 2015 952 2056 conj.
973 2016 1068 2054 quia.

430 2070 508 2107 4226

1571 57 1574 132 ι

1572 134 1574 255 l
