1574 2364
179 961 252 993 108
286 992 290 995 .

592 116 786 153 CICERO
817 116 892 152 DE
923 117 1141 155 FINIBUS

283 204 496 250 Torquate,
513 206 642 248 ipsum
658 216 729 248 per
743 216 782 239 se
799 203 898 239 nihil
914 203 1114 241 delectat?
1145 205 1300 242 Omitto
1321 205 1448 251 digni·

283 272 422 311 tatem,
444 266 709 310 honestatem,
730 269 903 311 speciem
924 269 1047 312 ipsam
1069 270 1272 312 virtutum,
1294 268 1344 304 de
1364 271 1448 313 qui-

283 330 354 366 bus
387 334 479 365 ante
512 328 665 365 dictum
686 333 767 372 est3
797 328 894 365 haec
925 329 1071 366 leviora
1102 343 1266 375 ponam:
1296 343 1447 377 poema..

284 395 502 428 orationem
535 404 623 427 cum
655 396 724 427 aut
755 391 890 427 scribis
921 397 990 428 aut
1016 392 1129 437 legis,
1157 405 1246 428 cum
1274 396 1449 429 omnium

287 454 492 498 factorum,
507 467 595 489 cum
609 456 816 498 regionum
830 457 1026 499 conquiris
1047 454 1264 500 historiam,
1280 459 1451 500 signum,

287 516 431 561 tabula,
466 516 573 552 locus
607 529 809 561 amoenus,
844 516 940 561 ludi,
971 520 1142 562 venatio,
1173 517 1265 554 villa
1296 518 1451 554 Luculli

284 572 392 622 (nam
413 582 443 615 si
464 584 573 615 tuam
601 578 787 624 dicerem,
808 579 1000 615 latebram
1027 579 1213 623 haberes3
1242 580 1292 616 ad
1313 593 1451 626 corpus

284 642 434 678 diceres
456 634 801 687 pertinere)—sed
823 655 868 678 ea
888 655 987 687 quae
1008 642 1089 678 dixi
1109 643 1157 679 ad
1179 655 1371 688 corpusne
1391 656 1451 679 re-

286 705 387 741 fers?
419 718 469 740 an
504 709 565 741 est
594 705 742 750 aliquid
777 704 882 750 quod
914 710 955 741 te
983 718 1051 741 sua
1079 711 1220 751 sponte
1249 705 1450 742 delectet?

288 768 368 804 Aut
389 770 722 813 pertinacissimus
742 767 862 803 fueris
883 770 913 803 si
935 771 1154 813 perstiteris
1175 768 1225 804 ad
1245 781 1384 813 corpus
1406 781 1451 804 ea

285 844 384 875 quae
406 831 486 866 dixi
508 830 669 874 referre,
685 835 753 866 aut
773 829 994 866 deserueris
1015 836 1140 867 totam
1162 831 1321 876 Epicuri
1342 830 1449 867 volu-

285 898 437 938 ptatem
459 896 489 929 si
510 896 726 936 negaveris.

340 947 360 962 ‘'
378 955 494 1000 Quod
516 968 607 991 vero
627 969 649 991 a
669 961 710 991 te
731 955 976 1001 disputatum
997 961 1058 992 est
1077 959 1243 993 maiores
1271 969 1356 993 esse
1383 970 1447 992 vo-

283 1014 458 1059 luptates
479 1019 520 1049 et
540 1013 694 1049 dolores
721 1016 841 1049 animi
868 1026 985 1058 quam
1012 1017 1195 1059 corporis,
1216 1017 1307 1059 quia
1326 1017 1445 1050 trium

285 1078 507 1116 temporum
529 1074 724 1116 particeps
745 1074 897 1107 animus
917 1074 980 1116 sit,
1001 1084 1162 1117 corpore
1182 1077 1316 1108 autem
1336 1085 1446 1117 prae-

286 1133 413 1166 sentia
440 1129 565 1165 solum
592 1132 827 1174 sentiantur,
848 1132 914 1174 qui
941 1129 981 1165 id
1002 1123 1177 1174 probaril
1199 1135 1332 1175 potest
1352 1135 1396 1166 ut
1416 1132 1447 1166 is

286 1190 353 1233 qui
374 1193 536 1233 propter
554 1200 618 1223 me
645 1187 793 1232 aliquid
819 1187 993 1232 gaudeat
1020 1187 1106 1233 plus
1133 1200 1249 1232 quam
1271 1201 1345 1233 ego
1365 1191 1448 1233 ipse

287 1246 484 1291 gaudeat?
520 1237 682 1290 [Animo
698 1246 877 1291 voluptas
891 1249 1014 1282 oritur
1030 1251 1192 1291 propter
1204 1245 1448 1291 voluptatem

288 1307 470 1349 corporis,
493 1309 533 1340 et
554 1307 676 1339 maior
696 1309 757 1340 est
776 1307 896 1340 animi
917 1304 1096 1349 voluptas
1123 1317 1239 1349 quam
1259 1307 1450 1350 corporis;

288 1366 343 1399 ita
359 1362 402 1398 fit
417 1367 461 1398 ut
477 1362 695 1407 gratulator
710 1362 849 1398 laetior
865 1365 915 1398 sit
930 1375 1046 1407 quam
1063 1365 1094 1398 is
1110 1365 1171 1398 cui
1183 1353 1452 1407 gratulatilr.'²]

290 1420 368 1458 Sed
389 1420 483 1456 dum
501 1420 652 1456 efficere
668 1420 785 1456 vultis
801 1421 962 1456 beatum
983 1423 1203 1466 sapientem
1223 1433 1312 1456 cum
1332 1423 1453 1456 maxi—

290 1492 371 1515 mas
391 1481 522 1514 animo
542 1478 765 1523 voluptates
786 1481 977 1524 percipiat
997 1479 1257 1523 omnibusque
1277 1478 1454 1524 partibus

290 1540 456 1573 maiores
490 1549 607 1582 quam
639 1549 813 1581 corpore,
846 1536 940 1582 quid
975 1541 1152 1573 occurrat
1183 1549 1262 1572 non
1297 1535 1450 1572 videtis.

291 1596 425 1631 Animi
447 1597 551 1630 enim
572 1594 726 1630 dolores
746 1607 901 1640 quoque
923 1597 1115 1640 percipiet
1135 1595 1315 1630 omnibus
1335 1597 1454 1639 parti-

292 1654 364 1689 bus
384 1656 549 1689 maiores
570 1666 686 1698 quam
708 1656 888 1698 corporis.
951 1652 1011 1688 Ita
1038 1655 1156 1688 miser
1175 1655 1226 1689 sit
1245 1651 1456 1697 aliquando

291 1723 453 1747 necesse
476 1716 535 1747 est
557 1713 587 1747 is
609 1723 727 1755 quem
748 1723 814 1746 vos
842 1711 1003 1746 beatum
1030 1723 1186 1756 semper
1207 1709 1324 1746 vultis
1351 1721 1457 1752 esse;

334 1789 421 1830 ¹qui
444 1790 482 1820 id
499 1790 644 1830 probari
667 1790 716 1826 B;
743 1790 831 1830 quid
853 1790 892 1820 id
906 1789 1000 1830 prob.
1032 1789 1082 1826 E;
1107 1789 1196 1830 quid
1212 1788 1364 1830 probari,
1395 1788 1460 1829 qui

290 1834 385 1875 prob.
406 1833 506 1863 other
525 1832 624 1862 MSS.

337 1875 733 1915 2Αηίηιο-ἐζναίιιῖαίιιν
750 1874 902 1916 rejected
920 1875 966 1916 by
983 1875 1064 1906 edd.
1084 1885 1126 1906 as
1149 1885 1171 1905 a
1191 1879 1272 1904 note
1296 1873 1455 1913 clumsily

295 1918 502 1960 explaining
526 1919 583 1948 the
609 1918 718 1948 simile
743 1918 776 1948 in
801 1919 858 1948 the
883 1918 971 1948 form
995 1918 1034 1949 of
1055 1918 1168 1948 which
1187 1918 1244 1947 the
1262 1915 1455 1957 preceding

294 1962 445 1993 reductio
470 1961 519 1991 ad
539 1960 727 1991 absurdum
753 1961 781 1990 is
801 1961 1134 2003 expressed—body
1154 1972 1161 1992 :
1179 1960 1274 1993 mind
1294 1971 1315 1991 :z
1334 1961 1453 2001 happy

292 2015 421 2046 person
442 2016 448 2035 :
467 2003 733 2044 sympathizing
750 2003 873 2035 friend.

402 2059 478 2090 ί200
