1574 2364
607 149 802 187 CICERO
834 149 908 186 DE
939 150 1157 187 FINIBUS

222 234 268 266 13
301 229 485 277 eruditos.
547 228 652 274 Ergo
673 229 729 265 illi
750 229 995 275 intellegunt
1016 229 1111 275 quid
1132 229 1323 276 Epicurus
1344 229 1462 274 dicat,

301 305 375 337 ego
391 305 471 328 non
491 291 710 337 intellego?
753 292 809 328 Ut
830 294 927 329 scias
942 306 1006 329 me
1028 293 1279 338 intellegere,
1295 295 1464 337 primum

302 354 408 391 idem
428 345 537 391 esse1
559 354 647 390 dico
669 345 960 401 ‘voluptatem,'
984 355 1089 401 quod
1116 355 1183 392 ille
1210 354 1355 400 ἡδονήν.
1417 354 1467 391 Et

302 418 462 463 quidem
480 430 596 463 saepe
613 420 837 462 quaerimus
851 419 1012 454 verbum
1032 418 1218 455 Latinum
1235 431 1304 463 par
1318 418 1468 454 Graeco

303 485 344 517 et
358 480 462 525 quod
479 479 585 516 idem
603 480 752 524 valeat;
773 480 837 516 hic
850 480 949 516 nihil
967 481 1042 517 fuit
1056 481 1161 526 quod
1178 493 1465 526 quaereremus.

303 543 467 579 Nullum
507 545 674 579 inveniri
705 544 870 579 verbum
901 548 1035 589 potest
1066 544 1173 589 quod
1205 546 1329 588 magis
1360 543 1467 579 idem

303 605 479 642 declaret
501 605 643 642 Latine
668 605 772 651 quod
802 606 966 651 Graece,
994 620 1112 652 quam
1137 606 1313 643 declarat
1340 596 1467 641 ‘volu-

304 668 416 714 ptasff
450 668 557 704 Huic
577 668 696 705 verbo
717 682 852 705 omnes
873 672 940 715 qui
960 670 1106 715 ubique
1126 674 1219 707 sunt
1239 672 1306 714 qui
1327 668 1469 705 Latine

305 734 435 768 sciunt
456 731 552 767 duas
579 744 640 768 res
668 732 881 777 subiciunt,
902 732 1096 769 laetitiam
1127 735 1168 768 in
1200 734 1343 776 animo,
1365 744 1470 767 com-

305 794 523 828 motionem
545 804 705 828 suavem
726 792 984 829 iucunditatis
1006 795 1046 828 in
1067 805 1239 838 corpore.
1302 791 1402 827 Nam
1432 795 1474 827 et

306 854 373 891 ille
402 853 507 899 apud
537 853 731 890 Trabeam
752 845 1021 900 ‘voluptatem
1047 858 1167 891 animi
1194 854 1374 890 nimiam’
1396 853 1475 889 lae.-

308 919 438 954 titiam
452 916 561 961 dicit,
577 916 746 954 eandem
760 931 876 963 quam
886 917 952 954 ille
971 918 1213 954 Caecilianus
1229 920 1319 962 quia
1333 908 1476 953 ‘omni-

310 981 381 1016 bus
396 980 559 1016 laetitiis
576 979 745 1016 laetum’
764 993 849 1017 esse
866 993 907 1017 se
923 985 1066 1017 narrat.
1109 980 1189 1018 Sed
1203 980 1278 1016 hoc
1294 982 1474 1024 interest,

311 1042 416 1087 quod
429 1032 646 1088 ‘voluptas'
665 1042 810 1079 dicitur
826 1046 946 1080 etiam
962 1046 1003 1079 in
1019 1045 1152 1080 animo
1168 1035 1325 1087 (vitiosa
1338 1055 1412 1087 res,
1429 1047 1475 1078 ut

312 1105 433 1142 Stoici
465 1110 620 1150 putant,
649 1108 715 1150 qui
748 1118 835 1142 eam
866 1109 920 1142 sic
955 1105 1170 1143 definiunt:
1191 1097 1473 1142 ‘sublationem

313 1170 432 1204 animi
460 1170 544 1204 sine
564 1171 716 1205 ratione
744 1171 944 1214 opinantis
972 1181 1012 1205 se
1039 1181 1184 1214 magno
1213 1169 1316 1204 bono
1347 1160 1476 1213 frui')‚

239 1236 284 1268 14-
315 1244 393 1266 non
414 1230 559 1267 dicitur
580 1222 769 1267 ‘laetitia’
792 1244 866 1268 nec
888 1224 1112 1277 ‘gaudium’
1135 1234 1176 1268 in
1197 1244 1367 1277 corpore.
1430 1231 1476 1266 In

316 1306 362 1330 eo
383 1298 517 1330 autem
538 1293 717 1339 voluptas
738 1297 913 1330 omnium
935 1294 1076 1331 Latine
1103 1294 1351 1340 loquentium
1371 1306 1479 1330 more

318 1359 491 1402 ponitur,
527 1370 616 1393 cum
653 1360 870 1403 percipitur
904 1370 950 1393 ea
985 1370 1084 1402 quae
1119 1370 1277 1394 sensum
1312 1357 1483 1402 aliquem

317 1424 474 1456 moveat
506 1419 741 1457 iucunditas.
805 1421 922 1456 Hanc
955 1433 1110 1466 quoque
1147 1411 1481 1464 ‘iucunditatemj

319 1485 349 1518 si
370 1484 439 1527 vis,
460 1482 631 1519 transfer
651 1486 691 1519 in
711 1486 887 1520 animum
909 1474 1097 1528 (‘iuvare'
1121 1486 1226 1520 enim
1254 1486 1294 1519 in
1314 1488 1482 1527 utroque

319 1544 464 1581 dicitur
486 1557 533 1581 ex
556 1558 682 1591 eoque
705 1536 991 1591 ‘iucundum’),
1007 1545 1125 1582 modo
1145 1545 1356 1590 intellegas
1377 1548 1482 1581 inter

319 1607 430 1643 illum
451 1610 517 1652 qui
537 1607 643 1645 dicat

428 1669 557 1707 Tanta
575 1671 727 1708 laetitia
747 1676 885 1709 auctus
905 1684 991 1709 sum
1011 1677 1056 1708 ut
1075 1671 1173 1708 nihil
1195 1665 1381 1716 constet,2

324 1739 452 1823 (Χίςῗιςε
473 1741 575 1821 )Μάν.
604 1740 783 1776 brackets,
811 1739 872 1770 but
897 1749 949 1780 cp.
980 1739 1012 1769 11
1042 1747 1093 1780 77,
1130 1738 1181 1768 ΙΙΙ
1214 1748 1264 1775 22,
1299 1738 1330 1768 V
1365 1738 1411 1775 18,
1447 1748 1487 1768 20

342 1793 351 1814 l
382 1794 403 1814 u
431 1796 494 1815 er.

369 1826 381 1845 ²
395 1831 435 1858 ut
451 1827 546 1857 nihil
560 1828 709 1857 constet:
725 1836 820 1856 some
839 1824 897 1856 inf.
919 1824 1020 1855 MSS.
1042 1827 1082 1854 ut
1098 1823 1189 1854 mihi
1203 1834 1268 1854 non
1287 1827 1442 1854 constent.

316 1881 1484 1900 μή

365 1923 380 1940 ³
392 1917 518 1949 Cicero
536 1917 660 1955 quotes
677 1912 735 1942 the
752 1920 852 1942 verse
869 1911 946 1941 also
965 1909 1062 1940 Tusc.
1081 1918 1111 1948 4.
1128 1917 1169 1948 35
1185 1907 1258 1938 and
1274 1907 1322 1937 ad
1335 1907 1433 1937 Fam.
1455 1916 1484 1944 2,

323 1973 353 2003 9.
383 1971 398 1992 2
425 1960 557 1993 (where
585 1958 628 1987 he
655 1956 732 1986 also
757 1953 866 1984 refers
889 1957 926 1983 to
951 1953 1009 1983 the
1034 1951 1213 1990 following
1240 1950 1370 1991 phrase
1395 1950 1484 1980 from

324 1996 500 2037 Caecilius
517 1998 680 2037 Statius):
698 1998 723 2028 it
740 2006 894 2037 appears
912 2000 947 2026 to
966 1996 1054 2025 have
1080 2005 1141 2025 run
1161 1996 1168 2010 ‘
1181 2004 1250 2034 ego
1267 1994 1482 2034 voluptatem

323 2046 429 2079 animi
448 2044 590 2076 nimiam
609 2050 782 2073 summum
799 2049 878 2070 esse
895 2048 1047 2069 errorem
1064 2036 1243 2069 arbitror.’

430 2100 479 2137 9⁶2
