1574 2364
226 1501 275 1539 36

606 143 800 181 CICERO
835 143 908 181 DE
939 145 1159 183 FINIBUS

301 225 628 269 interpretantur,
642 225 772 260 vivere
785 236 875 260 cum
888 225 1164 270 intellegentia
1182 238 1312 262 rerum
1334 239 1468 263 earum

301 311 402 344 quae
437 303 577 335 natura
613 298 834 344 evenirent,
870 299 1089 345 eligentem
1124 314 1170 337 ea
1200 314 1300 346 quae
1336 305 1470 338 essent

302 373 520 411 secundum
534 379 715 410 naturam
728 376 1041 421 reicientemque
1055 378 1259 412 contraria.
1313 375 1373 412 Ita
1390 381 1469 412 tres

302 454 395 485 sunt
429 449 525 486 fines
557 454 742 494 expertes
776 449 1010 495 honestatis,
1044 463 1144 487 unus
1179 451 1371 496 Aristippi
1406 450 1467 487 vel

305 524 479 569 Epicuri,
506 523 607 560 alter
636 524 887 570 Hieronymi,
916 524 1109 561 Carneadi
1133 528 1295 569 tertius3
1324 530 1405 562 tres
1429 529 1470 562 in

302 600 442 644 quibus
475 599 661 636 honestas
693 612 781 636 cum
813 600 943 646 aliqua
969 603 1206 646 accessione,
1235 600 1470 647 Polemonis,

303 674 576 720 Calliphontis,
592 674 775 718 Diodori3
796 688 873 711 una
886 675 1066 720 simplex,
1081 678 1188 712 cuius
1203 676 1308 712 Zeno
1323 681 1471 722 auctor,

304 752 430 794 posita
462 751 503 785 in
533 749 675 785 decore
706 754 803 794 tota,
834 749 876 786 id
907 755 968 786 est
995 752 1035 785 in
1067 749 1289 786 honestate.
1350 742 1470 793 (Nam

307 823 468 869 Pyrrho,
490 824 635 869 Aristo,
659 824 802 861 Erillus
823 827 900 861 iam
921 825 987 861 diu
1008 817 1185 868 abiecti.)
1226 825 1380 871 Reliqui
1401 826 1473 862 sibi

305 903 585 945 constiterunt,
607 904 651 936 ut
668 904 847 936 extrema
873 913 962 936 cum
986 903 1109 936 initiis
1133 903 1406 946 convenirent,
1427 905 1472 938 ut

304 975 507 1020 Aristippo
527 975 720 1021 voluptas,
743 975 990 1020 Hieronymo
1011 975 1154 1012 doloris
1174 978 1361 1021 vacuitas,
1382 976 1472 1012 Car-

304 1050 421 1086 neadi
460 1049 536 1087 frui
570 1052 771 1095 principiis
804 1050 1049 1086 naturalibus
1081 1055 1186 1087 esset
1225 1055 1472 1094 extremunu

305 1125 396 1161 XII.
430 1125 622 1170 Epicurus
642 1130 777 1161 autem
799 1137 887 1161 cum
908 1128 949 1161 in
976 1128 1100 1171 prima
1125 1125 1470 1162 commendatione

305 1201 550 1246 voluptatem
578 1200 754 1245 dixisset,
782 1203 813 1236 si
841 1213 926 1236 eam
955 1213 1071 1245 quam
1100 1201 1337 1247 Aristippus,
1364 1201 1471 1238 idem

304 1281 443 1312 tenere
464 1274 603 1311 debuit
623 1274 806 1311 ultimum
827 1275 1018 1311 bonorum
1047 1275 1151 1320 quod
1178 1276 1269 1319 ille;
1299 1278 1358 1312 sin
1386 1289 1472 1313 eam

305 1364 421 1397 quam
441 1351 721 1396 Hieronymus,
739 1350 897 1386 fecisset
914 1349 1019 1386 idem
1036 1356 1080 1387 ut
1103 1351 1346 1397 voluptatem
1366 1352 1473 1389 illam

309 1427 499 1471 Aristippi
521 1428 561 1462 in
582 1428 708 1471 prima
729 1424 1074 1461 commendatione
1094 1419 1308 1471 p0ne1·et?¹

362 1492 497 1537 “Nam
522 1500 627 1546 quod
648 1503 704 1536 ait
724 1500 902 1536 sensibus
922 1502 1014 1545 ipsis
1036 1500 1198 1537 iudicari
1228 1501 1470 1548 voluptatem

306 1574 451 1609 bonum
482 1585 580 1616 esse,
610 1572 787 1608 dolorem
816 1571 976 1616 malum,
1006 1571 1093 1617 plus
1123 1573 1263 1609 tribuit
1291 1575 1470 1610 sensibus

304 1657 420 1689 quam
437 1644 549 1679 nobis
565 1643 673 1687 leges
690 1645 929 1688 permittunt
950 1635 1063 1678 cum2
1083 1646 1321 1688 privatarum
1341 1644 1469 1682 litium

305 1714 454 1751 iudices
476 1727 618 1750 sumus.
682 1713 790 1750 Nihil
822 1716 927 1750 enim
958 1727 1163 1759 possumus
1192 1715 1364 1752 iudicare
1395 1719 1467 1752 nisi

304 1785 408 1831 quod
430 1790 491 1822 est
511 1788 634 1821 nostri
656 1785 796 1829 iudici;
826 1788 866 1820 in
887 1798 965 1830 quo
985 1785 1129 1822 frustra
1153 1786 1302 1823 iudices
1326 1787 1468 1832 solent,

304 1869 392 1894 cum
421 1859 662 1893 sententiam
694 1859 967 1902 pronuntiant,
988 1857 1160 1894 addere:
1191 1849 1246 1895 ‘si
1270 1858 1365 1903 quid
1390 1862 1467 1895 mei

355 1934 367 1953 ²
391 1933 568 1974 Aristippi
594 1957 601 1964 .
627 1956 634 1963 .
661 1932 851 1972 .p0›1eret.2
867 1932 944 1967 ed.;
965 1930 1175 1972 [Aristippi]
1204 1953 1211 1961 .
1239 1953 1247 1961 .
1276 1953 1283 1961 .
1308 1931 1454 1969 poneret.

313 1976 424 2012 Mdv„
442 1976 577 2006 Miiller.

355 2020 368 2038 ²
390 2028 466 2050 cum
489 2018 646 2049 inserted
669 2018 750 2049 here
774 2017 822 2059 by
839 2017 936 2049 Mdv.
956 2015 1149 2057 (following
1166 2013 1346 2056 Bentley),
1364 2014 1456 2046 after

310 2061 426 2093 litium
444 2062 492 2100 by
510 2060 627 2091 Orelli.

422 2104 493 2140 122
