1574 2364
176 1230 221 1267 19

559 137 754 176 CICERO
785 138 859 176 DE
889 139 1108 178 FINIBUS

248 224 416 257 censent
439 221 609 265 primum
633 221 796 255 ascitam
820 223 862 256 et
886 222 1056 265 primum
1080 219 1325 257 declinatum
1349 221 1413 258 do·

248 287 398 330 lorem;
438 286 488 322 ab
519 288 565 322 iis
596 285 663 322 alii
694 298 794 331 quae
825 288 951 331 prima
985 285 1204 323 secundum
1237 291 1414 324 naturam

249 356 457 390 nominant
477 352 789 398 proficiscuntur,
810 354 851 388 in
872 353 1013 398 quibus
1033 358 1246 390 numerant
1269 353 1416 390 incolu-

249 424 431 457 mitatem
460 421 878 464 conservationemque
906 421 1082 455 omnium
1109 422 1293 465 partium,
1314 419 1416 457 vale·

250 488 445 531 tudinem,
473 499 610 523 sensus
636 488 827 531 integros,
855 485 999 522 doloris
1026 489 1280 532 vacuitatem,
1304 489 1417 533 vires,

250 552 602 601 pulchritudinem,
624 557 758 589 cetera
777 555 936 597 generis
964 552 1155 597 eiusdem,
1177 564 1343 598 quorum
1369 556 1418 590 si-

250 621 357 658 milia
384 625 477 657 sunt
503 623 628 666 prima
654 622 695 655 in
723 621 875 664 animis,
900 622 1009 664 quasi
1034 622 1225 656 virtutum
1256 620 1417 665 igniculi

251 694 290 725 et
313 690 473 725 semina.
534 687 591 723 Ex
614 686 674 723 his
695 687 820 723 tribus
842 700 931 722 cum
952 700 1074 722 unum
1094 686 1243 732 aliquid
1268 690 1319 723 sit
1342 700 1419 732 quo

252 759 420 802 primum
442 759 582 790 natura
606 758 811 789 moveatur
831 752 892 789 vel
918 753 967 789 ad
992 753 1264 798 appetendum
1284 753 1345 789 vel
1371 753 1419 790 ad

252 821 528 868 repellendum
567 833 641 856 nec
676 819 891 865 quidquam
927 822 1089 855 omnino
1127 824 1285 865 praeter
1323 819 1420 857 haec

251 892 327 926 tria
361 890 483 933 possit
522 899 622 931 esse,
656 899 819 922 necesse
855 891 916 922 est
950 888 1111 922 omnino
1145 886 1313 922 officium
1351 891 1420 924 aut

246 954 427 1000 fugiendi
456 959 524 990 aut
554 952 747 998 sequendi
776 953 826 989 ad
857 965 992 988 eorum
1021 952 1170 998 aliquid
1199 952 1349 997 referri,
1377 957 1420 989 ut

252 1023 318 1059 illa
358 1020 569 1067 prudentia
604 1032 721 1064 quam
756 1024 883 1055 artem
918 1022 1022 1055 vitae
1057 1031 1142 1055 esse
1177 1018 1346 1055 diximus
1380 1022 1420 1055 in

252 1102 385 1126 earum
407 1090 525 1123 trium
548 1099 677 1122 rerum
699 1085 828 1131 aliqua
844 1090 1023 1121 versetur
1042 1098 1063 1121 a
1085 1098 1159 1130 qua
1180 1088 1301 1122 totius
1317 1088 1420 1123 vitae

252 1157 370 1193 ducat
392 1154 606 1191 exordium.

307 1214 399 1258 “Ex
433 1234 480 1257 eo
511 1225 645 1256 autem
673 1219 778 1265 quod
809 1222 995 1256 statuerit
1027 1231 1112 1256 esse
1143 1232 1221 1265 quo
1252 1222 1421 1265 primum

252 1295 393 1327 natura
427 1291 645 1331 moveatur,
681 1289 846 1322 exsistet
879 1288 977 1322 recti
1013 1288 1133 1322 etiam
1167 1288 1268 1322 ratio
1301 1291 1421 1331 atque

252 1357 424 1399 honesti,
446 1366 545 1399 quae
568 1366 656 1389 cum
678 1352 808 1396 aliquo
829 1364 907 1388 uno
929 1364 976 1387 ex
1002 1352 1127 1388 tribus
1155 1351 1231 1388 illis
1255 1365 1421 1397 congru-

253 1436 319 1461 ere
352 1425 488 1468 possit,
519 1425 564 1456 ut
595 1424 664 1455 aut
695 1419 734 1455 id
767 1418 979 1455 honestum
1011 1421 1075 1464 sit,
1107 1418 1236 1455 facere
1268 1412 1420 1455 omnia¹

253 1490 467 1535 voluptatis
496 1499 611 1523 causa
646 1488 799 1522 etiamsi
834 1498 921 1521 eam
955 1497 1036 1521 non
1070 1497 1324 1531 consequare,
1353 1490 1423 1522 aut

253 1571 333 1594 non
361 1555 523 1592 dolendi
551 1555 705 1590 etiamsi
732 1552 773 1588 id
800 1554 955 1597 assequi
982 1564 1170 1597 nequeas,
1190 1556 1260 1588 aut
1287 1565 1421 1589 eorum

253 1637 353 1671 quae
388 1621 607 1659 secundum
645 1624 828 1655 naturam
862 1623 955 1655 sunt
987 1618 1233 1664 adipiscendi
1268 1621 1422 1656 etiamsi

253 1691 351 1729 nihil
372 1699 623 1733 consequare.
685 1685 745 1722 Ita
761 1685 805 1721 fit
823 1690 869 1721 ut
890 1689 1037 1730 quanta
1057 1684 1280 1722 differentia
1299 1690 1361 1722 est
1379 1688 1418 1722 in

252 1759 453 1805 principiis
480 1753 737 1797 naturalibus,
764 1756 877 1788 tanta
908 1754 959 1788 sit
989 1754 1031 1787 in
1056 1751 1198 1787 finibus
1229 1752 1419 1788 bonorum

251 1825 522 1867 malorumque
561 1818 991 1856 dissimilitudo.—Alii
1028 1831 1182 1855 rursum
1221 1817 1360 1854 iisdem
1397 1831 1420 1854 a

252 1892 452 1938 principiis
473 1899 589 1924 omne
610 1886 778 1922 officium
804 1883 983 1921 referent
1009 1889 1078 1920 aut
1103 1883 1153 1920 ad
1172 1883 1416 1929 voluptatem

400 2041 519 2074 'After
534 2039 652 2072 omnia
669 2038 770 2069 MSS.
791 2037 862 2069 add
880 2040 955 2075 aut,
975 2037 1072 2068 Mdv.
1091 2036 1269 2068 brackets.

363 2098 439 2130 410
