1574 2364
553 131 750 169 CICERO
780 131 855 168 DE
884 132 1104 170 FINIBUS

254 208 509 247 obscuritas.”
588 200 700 247 “Cur
738 214 860 255 igitur
898 212 1060 248 easdem
1099 213 1201 258 res,”
1243 216 1419 259 inquam,

257 274 566 329 “Peripateticis
597 284 822 322 dicentibus
849 286 1015 323 verbum
1042 287 1197 324 nullum
1227 293 1289 324 est
1317 288 1423 334 quod

257 371 335 394 non
364 359 679 404 intellegatur?''
739 351 998 397 “Easdemne
1019 362 1138 398 res?'’
1161 365 1311 408 inquit3
1341 353 1425 399 “an

257 446 393 478 parum
413 434 578 470 disserui
599 448 679 471 non
695 436 824 471 verbis
845 436 998 473 Stoicos
1017 449 1040 472 a
1062 436 1335 483 Peripateticis
1357 438 1426 474 sed

258 511 437 545 universa
457 523 499 546 re
522 515 563 546 et
589 515 674 546 tota
694 513 896 546 sententia
916 510 1165 548 dissidere?'’
1226 503 1423 558 “Atqui,”

257 586 430 629 inquam,
452 575 478 591 “
490 585 601 629 Cato,
630 588 660 621 si
691 585 798 622 istud
830 586 1062 631 obtinueris,
1085 586 1268 623 traducas
1289 600 1354 624 me
1374 587 1422 624 ad

257 662 297 694 te
312 664 440 695 totum
457 659 632 696 licebit.'’
675 650 903 696 “Putabam
924 660 1110 705 equidem
1131 662 1263 706 satis,”
1281 664 1424 707 inquit,

258 723 354 770 “me
385 734 539 770 dixisse.
601 733 734 780 Quare
755 734 805 770 ad
834 747 880 770 ea
900 737 1084 780 primum,
1106 739 1137 772 si
1158 735 1335 780 videtur3
1366 740 1426 772 sin

256 808 363 844 aliud
393 809 487 854 quid
515 809 635 854 voles,
656 809 833 854 postea.”
894 800 1055 846 “Immo
1084 810 1192 846 istud
1223 811 1423 856 quidem,”

448 874 472 890 “
938 877 949 899 ¹
966 886 1041 920 nisi
1057 886 1237 929 iniquum
1254 884 1423 930 postulo,

258 885 430 927 inquam,
481 896 558 928 quo
578 883 664 919 loco
685 883 859 928 quidque
874 912 881 920 .
899 912 906 919 .
924 913 930 920 .

255 959 447 995 arbitratu
478 959 606 995 meo.’'
666 949 758 995 “Ut
793 958 963 1004 placet,’'
992 962 1143 1004 i11quit3
1174 950 1283 996 “etsi
1316 963 1422 996 enim

257 1033 354 1069 illud
376 1039 459 1069 erat
479 1037 622 1079 aptius,
643 1047 814 1079 aequum
835 1036 976 1079 cuique
998 1033 1257 1070 concedere.'’

311 1108 362 1145 II.
396 1099 623 1144 “Existimo
662 1109 821 1153 igitur,”
864 1111 1037 1153 inquam,
1079 1100 1224 1154 “Cato,
1264 1114 1420 1146 veteres

255 1183 340 1220 illos
376 1183 550 1219 Platonis
583 1183 794 1227 auditores,
828 1183 1107 1229 Speusippum,
1145 1184 1419 1229 Aristotelem,

256 1258 533 1302 Xenocratem,
554 1257 701 1294 deinde
732 1270 867 1293 eorum
900 1257 1169 1303 Polemonem,
1191 1257 1421 1304 Theophra-

255 1338 372 1378 stum,
389 1335 482 1369 satis
503 1338 545 1368 et
565 1335 721 1377 copiose
743 1336 785 1368 et
806 1332 1013 1377 eleganter
1030 1332 1213 1368 habuisse
1231 1337 1423 1369 constitu-

254 1414 336 1445 tam
371 1407 634 1452 disciplinam,
664 1411 708 1442 ut
743 1420 822 1442 non
857 1412 963 1442 esset
998 1420 1114 1442 eausa
1148 1407 1297 1443 Zenoni
1333 1421 1422 1445 cum

257 1483 509 1519 Polemonem
531 1482 706 1518 audisset
727 1494 794 1517 cur
811 1486 852 1517 et
872 1482 921 1517 ab
939 1494 984 1517 eo
1005 1484 1089 1526 ipso
1111 1487 1151 1517 et
1171 1495 1194 1517 a
1214 1485 1421 1527 superiori-

254 1560 324 1595 bus
345 1557 576 1598 dissideret3
607 1569 772 1601 quorum
804 1555 880 1591 fuit
910 1555 1007 1592 haec
1038 1559 1250 1600 institutio,
1273 1559 1312 1592 in
1343 1570 1418 1601 qua

253 1632 542 1669 animadvertas
586 1631 704 1666 velim
749 1630 843 1675 quid
892 1630 1128 1666 mutandum
1176 1636 1305 1676 putes,
1345 1644 1421 1668 nee

253 1712 459 1752 exspectes
481 1706 575 1741 dum
592 1705 640 1740 ad
656 1707 786 1740 omnia
807 1704 935 1740 dicam
957 1718 1056 1749 quae
1078 1718 1101 1740 a
1119 1710 1161 1741 te
1182 1705 1288 1741 dicta
1309 1711 1422 1749 sunt3

251 1785 432 1819 universa
453 1783 559 1816 enim
586 1779 743 1815 illorum
772 1782 925 1815 ratione
954 1793 1043 1815 cum
1070 1784 1156 1816 tota
1176 1784 1306 1815 vestra
1327 1793 1419 1816 con-

252 1856 469 1902 fligendum
508 1859 616 1899 puto.
677 1853 755 1898 Qui
791 1866 881 1889 cum
917 1853 1100 1890 viderent
1132 1856 1187 1889 ita
1222 1867 1292 1890 nos
1331 1866 1417 1891 esse

250 1936 362 1968 natos
383 1935 428 1966 ut
449 1934 490 1965 et
510 1930 774 1964 communiter
794 1927 843 1963 ad
865 1940 929 1964 eas
952 1931 1117 1964 virtutes
1138 1930 1219 1973 apti
1242 1939 1414 1964 essemus

301 2005 313 2023 ¹
329 2004 509 2035 occurrerit
536 2013 575 2034 or
601 2011 699 2033 some
726 2002 861 2033 similar
885 2003 983 2033 word
1009 2004 1073 2034 has
1101 2003 1192 2035 been
1212 2003 1283 2036 lost
1307 2003 1413 2046 (Reid

258 2048 404 2090 quidque
420 2046 638 2085 <ponendum
651 2045 708 2081 sit,
726 2044 800 2076 sine
817 2054 867 2075 me
883 2044 1088 2088 iudicare».

364 2092 440 2129 302
