1574 2364
611 139 806 175 CICERO
838 138 911 175 DE
942 138 1161 176 FINIBUS

301 218 448 251 'centias
482 214 651 250 afferunt
684 219 728 250 ut
760 227 955 250 summum
989 214 1135 249 bonum
1168 217 1209 249 in
1241 226 1287 249 eo
1317 226 1466 257 genere

302 275 452 314 ponant
471 269 575 314 quod
597 272 647 305 sit
667 274 778 305 extra
798 273 971 304 nostram
991 273 1246 314 potestatem,
1265 273 1465 312 tamquam

302 324 351 360 de
392 327 565 360 inanimo
605 315 757 369 aliquol
796 323 1020 368 loquantur,
1060 323 1126 358 alii
1165 327 1315 367 contra,
1354 325 1464 367 quasi

302 392 441 424 corpus
462 379 615 415 nullum
636 381 687 414 sit
708 378 889 422 hominis,
911 381 965 414 ita
985 383 1143 423 praeter
1162 381 1337 413 animum
1365 377 1463 412 nihil

303 439 454 478 curant,
490 447 578 469 cum
614 436 845 479 praesertim
880 436 963 478 ipse
998 445 1153 477 quoque
1193 435 1346 468 animus
1385 445 1464 468 non

303 491 420 524 inane
441 491 573 524 nescio
594 488 688 533 quid
709 491 758 524 sit
785 480 933 532 (neque
961 490 1067 523 enim
1095 487 1135 523 id
1162 500 1320 532 possum
1346 486 1463 523 intel-

302 536 456 587 legere)
490 543 560 579 sed
594 546 634 578 in
666 542 836 587 quodam
866 555 1015 587 genere
1050 545 1234 587 corporis,
1269 546 1314 578 ut
1348 554 1398 577 ne
1432 544 1463 577 is

303 597 464 643 quidem
485 601 632 634 virtute
654 611 731 633 una
751 602 963 633 contentus
984 599 1035 633 sit
1054 596 1124 633 sed
1145 601 1308 642 appetat
1334 599 1462 631 vacui-

304 657 429 688 tatem
450 652 603 688 doloris.
651 652 919 697 Quamobrem
940 654 1097 696 utrique
1119 651 1225 687 idem
1247 650 1398 686 faciunt
1419 655 1462 686 ut

304 710 335 743 si
355 707 505 743 laevam
527 712 680 752 partem
704 707 981 751 neglegerent,
1009 706 1214 742 dexteram
1241 710 1463 750 tuerentur,

304 767 372 798 aut
392 765 511 807 ipsius
531 765 663 806 animi,
681 766 725 798 ut
746 761 842 798 fecit
858 761 1015 806 Erillus,
1032 764 1301 806 cognitionem
1315 760 1464 806 ample-

306 822 504 861 xarentur,
525 820 722 853 actionem
742 816 1026 861 relinquerent.
1088 816 1234 852 Eorum
1255 818 1361 851 enim
1381 828 1463 851 om-

304 875 425 915 nium,
447 871 571 907 multa
592 873 996 916 praetermittentium
1018 870 1112 906 dum
1140 871 1291 915 eligant
1316 869 1463 914 aliquid

304 927 409 971 quod
436 931 663 971 sequantur,
689 929 797 971 quasi
825 930 935 962 curta
962 928 1185 968 sententia3
1211 930 1252 961 at
1279 937 1371 960 vero
1398 924 1464 960 illa

305 980 482 1026 perfecta
511 986 631 1026 atque
663 981 781 1026 plena
812 993 946 1016 eorum
978 983 1058 1025 qui,
1090 993 1179 1016 cum
1209 980 1259 1016 de
1294 979 1463 1015 hominis

304 1049 456 1072 summo
477 1036 580 1072 bono
602 1040 853 1080 quaererent,
874 1035 1023 1071 nullam
1044 1037 1083 1071 in
1112 1048 1158 1071 eo
1185 1047 1316 1079 neque
1343 1036 1463 1070 animi

304 1104 434 1136 neque
466 1093 636 1136 corporis
668 1095 821 1135 partem
853 1103 1013 1126 vacuam
1044 1089 1172 1126 tutela
1205 1089 1462 1134 reliquerunt.

305 1146 382 1182 Vos
415 1151 562 1190 autem,
597 1146 706 1189 Cato,
741 1148 832 1190 quia
864 1148 999 1189 virtus,
1035 1149 1079 1181 ut
1112 1157 1248 1181 omnes
1281 1143 1464 1188 fatemur,

302 1200 536 1236 altissimum
557 1200 686 1236 locum
708 1203 745 1235 in
767 1200 926 1236 homine
948 1205 989 1236 et
1009 1202 1177 1236 maxime
1199 1198 1464 1236 excellentem

305 1260 419 1291 tenet
449 1260 491 1291 et
520 1255 625 1300 quod
655 1268 720 1291 eos
751 1258 817 1300 qui
846 1257 1045 1300 sapientes
1074 1259 1167 1290 sunt
1195 1254 1393 1290 absolutos
1423 1258 1465 1290 et

305 1309 502 1354 perfectos
554 1314 751 1354 putamus,
802 1312 928 1346 aciem
974 1312 1194 1345 animorum
1240 1313 1463 1345 nostrorum

304 1367 459 1400 virtutis
508 1364 717 1409 splendore
765 1367 1065 1409 praestringitis.
1127 1364 1173 1399 In
1212 1366 1319 1400 omni
1357 1366 1463 1399 enim

303 1422 504 1455 animante
526 1424 587 1455 est
607 1432 802 1455 summum
823 1419 971 1464 aliquid
991 1424 1110 1464 atque
1130 1421 1337 1464 optimum,
1358 1423 1403 1454 ut
1422 1420 1462 1454 in

304 1477 427 1519 equis,
459 1477 499 1510 in
532 1474 706 1518 canibus,
741 1474 881 1519 quibus
915 1479 1049 1510 tamen
1082 1479 1124 1510 et
1157 1473 1291 1510 dolore
1325 1486 1462 1509 vacare

302 1542 400 1574 opus
428 1534 489 1565 est
515 1534 556 1565 et
584 1528 738 1572 valere;
769 1531 822 1565 sic
854 1531 976 1573 igitur
1007 1531 1047 1564 in
1079 1528 1238 1565 homine
1269 1527 1462 1573 perfectio

302 1586 376 1619 ista
397 1586 436 1619 in
459 1596 506 1620 eo
526 1586 773 1628 potissimum
800 1583 905 1628 quod
933 1588 994 1619 est
1020 1586 1226 1628 optimum,
1253 1582 1293 1619 id
1321 1587 1394 1627 est,
1421 1585 1461 1618 in

303 1641 449 1674 virtute
481 1638 674 1674 laudatur.
737 1638 876 1683 Itaque
908 1638 1005 1674 mihi
1036 1651 1116 1674 non
1148 1640 1241 1674 satis
1273 1637 1461 1673 videmini

301 1692 550 1730 considerare
567 1693 671 1738 quod
688 1696 765 1729 iter
784 1696 835 1729 sit
855 1698 1019 1729 naturae
1035 1705 1214 1738 quaeque
1231 1695 1459 1737 progressio.

302 1746 392 1783 Non
413 1751 531 1792 enim,
550 1747 654 1792 quod
675 1747 769 1784 facit
788 1750 829 1783 in
849 1747 1039 1792 frugibus,
1060 1752 1117 1791 ut,
1139 1761 1227 1783 cum
1247 1747 1296 1783 ad
1316 1749 1462 1792 spicam

301 1802 532 1847 perduxerit
552 1803 601 1838 ab
621 1802 757 1847 herba,
778 1802 976 1847 relinquat
1004 1807 1045 1838 et
1072 1815 1141 1847 pro
1168 1801 1291 1837 nihilo
1318 1801 1463 1837 habeat

299 1856 477 1902 herbam,
499 1857 607 1894 idem
627 1856 722 1893 facit
742 1858 783 1892 in
803 1856 963 1893 homine
991 1869 1079 1892 cum
1108 1869 1198 1892 eum
1225 1855 1274 1892 ad
1301 1858 1462 1892 rationis

346 1984 358 2005 ²
370 1987 409 2018 de
424 1986 584 2017 inanimo
594 1986 713 2027 aliquo
725 1985 838 2022 Mdv.;
854 1985 891 2016 in
902 1985 1033 2016 annali
1043 1996 1108 2027 quo
1122 1985 1150 2015 E
1166 1997 1173 2021 ς
1188 1986 1224 2015 in
1236 1985 1463 2025 animaliquo

299 2030 346 2066 133
363 2030 403 2060 de
420 2029 617 2060 inanimali
629 2033 695 2070 q‘uo
711 2028 770 2060 inf.
791 2028 893 2059 MSS.

412 2083 486 2115 340
