1615 2359
211 1519 260 1557 63

601 113 796 150 CICERO
828 113 901 150 DE
934 113 1154 152 FINIBUS

293 206 393 239 quae
414 193 463 230 ad
483 196 627 229 amicos
649 196 900 239 pertinerent
926 199 1122 239 negarent
1143 208 1227 232 esse
1249 208 1320 241 per
1339 208 1379 234 se
1401 199 1458 242 ip-

293 270 352 293 sas
374 262 455 293 tam
477 255 722 302 expetendas
744 269 861 301 quam
889 262 1041 294 nostras
1070 263 1360 304 expeteremus,
1382 273 1459 305 quo

295 321 378 356 loco
400 319 556 356 videtur
577 320 811 364 quibusdam
833 320 1026 357 stabilitas
1046 324 1242 358 amicitiae
1263 322 1458 367 vacillare,

293 388 458 420 tuentur
478 388 613 419 tamen
635 396 725 419 eum
746 383 874 419 locum
892 396 1012 428 seque
1034 383 1162 428 facile,
1179 389 1224 421 ut
1239 385 1335 421 mihi
1352 385 1459 422 vide-

292 452 369 492 tur,
397 446 626 491 expediunt.
690 446 745 482 Ut
775 448 881 481 enim
910 449 1090 491 virtutes,
1117 446 1168 483 de
1197 448 1338 493 quibus
1367 453 1460 485 ante

293 510 443 546 dictum
472 514 544 554 est,
566 512 619 545 sic
647 511 860 545 amicitiam
888 514 1039 553 negant.
1066 523 1178 555 posse
1208 523 1230 546 a
1256 510 1460 557 voluptate

293 572 509 609 discedere.
570 573 672 608 Nam
705 586 793 608 cum
825 572 996 608 solitudo
1029 578 1071 609 et
1101 576 1181 609 vita
1214 576 1298 610 sine
1325 577 1460 611 amicis

293 635 522 672 insidiarum
544 640 585 671 et
605 640 735 671 metus
756 635 873 680 plena
894 638 956 679 sit,
980 638 1078 671 ratio
1098 638 1181 681 ipsa
1208 641 1344 673 monet
1364 640 1459 673 ami-

293 702 403 735 citias
425 711 664 743 comparare,
678 698 819 742 quibus
835 701 956 743 partis
973 698 1226 735 confirmatur
1245 702 1397 736 animus
1419 704 1461 736 et

293 776 314 798 a
347 775 415 807 spe
443 761 722 807 pariendarum
750 760 1000 806 voluptatum
1027 763 1181 806 seiungi
1208 775 1288 798 non
1315 767 1458 808 potest.

294 825 427 870 Atque
459 829 503 860 ut
532 824 633 869 odia,
665 824 848 869 invidiae,
879 823 1169 869 despicationes
1202 824 1461 862 adversantur

293 888 575 933 voluptatibus,
593 890 646 923 sic
662 889 858 923 amicitiae
875 900 953 923 non
971 887 1088 923 modo
1109 887 1294 925 fautrices
1315 888 1459 925 fidelis-

292 954 413 988 simae
448 950 517 987 sed
557 953 678 986 etiam
717 949 935 986 effectrices
969 955 1062 986 sunt
1095 949 1343 996 voluptatum
1378 956 1459 988 tam

292 1016 426 1050 amicis
458 1026 575 1059 quam
607 1013 700 1056 sibi;
741 1013 883 1058 quibus
916 1025 995 1049 non
1028 1012 1154 1049 solum
1185 1014 1458 1059 praesentibus

292 1077 477 1113 fruuntur
497 1076 567 1113 sed
588 1078 708 1113 etiam
724 1088 792 1121 spe
810 1078 1017 1121 eriguntur
1032 1079 1310 1121 consequentis
1325 1089 1370 1113 ac
1390 1089 1459 1122 po-

291 1143 386 1177 steri
408 1142 606 1185 temporis.
667 1138 784 1184 Quod
805 1141 896 1184 quia
916 1138 1025 1175 nullo
1045 1139 1163 1176 modo
1182 1142 1267 1176 sine
1287 1142 1460 1176 amicitia

293 1203 443 1239 firmam
464 1207 506 1239 et
527 1206 760 1248 perpetuam
781 1201 1073 1238 iucunditatem
1093 1204 1196 1239 vitae
1212 1206 1351 1239 tenere
1371 1216 1459 1248 pos—

292 1279 425 1304 sumus
451 1278 582 1311 neque
604 1278 695 1301 vero
716 1268 839 1310 ipsam
863 1267 1077 1301 amicitiam
1104 1267 1208 1302 tueri
1233 1268 1308 1302 nisi
1333 1278 1459 1311 aeque

292 1333 436 1366 amicos
453 1334 494 1365 et
510 1333 665 1365 nosmet
679 1330 781 1373 ipsos
791 1327 1013 1373 diligamus,
1024 1327 1168 1364 idcirco
1185 1333 1226 1365 et
1242 1328 1316 1365 hoc
1332 1331 1458 1374 ipsum

293 1394 457 1429 efficitur
473 1395 512 1428 in
529 1394 701 1427 amicitia
717 1396 758 1428 et
766 1394 938 1427 amicitia
947 1404 1036 1427 cum
1046 1391 1249 1436 voluptate
1259 1395 1458 1428 connecti·

292 1462 366 1492 tur.
412 1455 515 1492 Nam
536 1460 578 1491 et
597 1454 789 1490 laetamur
805 1457 1018 1490 amicorum
1034 1454 1186 1491 laetitia
1201 1467 1325 1500 aeque
1338 1459 1457 1500 atque

292 1524 425 1555 nostra
438 1523 479 1555 et
492 1521 639 1563 pariter
652 1517 830 1554 dolemus
844 1517 1066 1562 angoribus.
1108 1516 1300 1563 Quocirca
1317 1517 1456 1554 eodem

291 1582 408 1619 modo
421 1584 575 1627 sapiens
589 1583 664 1618 erit
676 1580 838 1617 affectus
852 1593 944 1625 erga
953 1583 1121 1617 amicum
1131 1582 1257 1626 quoin
1266 1583 1456 1626 seipsum,

291 1657 466 1691 quosque
487 1644 639 1680 labores
660 1648 822 1689 propter
837 1656 946 1680 suam
963 1643 1207 1689 voluptatem
1228 1646 1457 1690 susciperet,

292 1708 453 1745 eosdem
474 1709 661 1753 suscipiet
686 1711 848 1753 propter
874 1709 989 1742 amici
1010 1706 1265 1752 voluptatem.
1326 1705 1456 1752 Quae-

293 1784 370 1817 que
405 1770 456 1807 de
490 1771 701 1806 virtutibus
736 1769 843 1806 dicta
876 1774 982 1815 sunt,
1014 1768 1347 1815 quemadmodum
1387 1782 1455 1807 eae

290 1842 446 1875 semper
466 1827 734 1874 voluptatibus
755 1827 1022 1872 inhaererent,
1045 1827 1185 1864 eadem
1210 1826 1260 1864 de
1283 1830 1455 1865 amicitia

290 1887 458 1925 dicenda
471 1892 574 1923 sunt.
614 1886 815 1922 Praeclare
831 1889 936 1922 enim
951 1886 1142 1932 Epicurus
1156 1885 1216 1922 his
1229 1898 1355 1931 paene
1369 1899 1455 1923 ver·

288 1949 367 1984 bis:
388 1936 582 1991 ‘Eadem,'
606 1947 747 1990 inquit,
771 1935 781 1951 ‘
796 1947 996 1981 sententia
1016 1944 1260 1981 confirmavit
1278 1947 1452 1982 animum

287 2020 336 2044 ne
354 2005 457 2050 quod
474 2009 542 2041 aut
555 2006 840 2049 sempiternum
856 2007 925 2040 aut
945 2003 1176 2040 diuturnum
1196 2005 1357 2040 timeret
1372 2016 1452 2040 ma-

396 2063 447 2098 70
