1574 2359
183 424 204 456 10

211 424 231 456 (Θ

596 149 792 186 CICERO
823 148 897 185 DE
927 148 1146 186 FINIBUS

288 230 445 268 cotidie.
506 228 618 275 Quae
658 230 732 265 etsi
770 227 868 265 mihi
905 227 1015 265 nullo
1061 228 1178 265 modo
1227 229 1454 274 probantur.

289 298 425 331 tamen
446 293 733 336 Democritum,
754 291 960 328 laudatum
986 304 1008 327 a
1028 293 1183 337 ceteris,
1204 291 1253 327 ab
1280 291 1366 336 hoc,
1387 293 1453 336 qui

290 370 381 393 eum
402 369 524 392 unum
545 360 703 391 secutus
725 359 842 399 esset,
862 354 1010 391 nollem
1031 357 1307 400 vituperatum.

345 418 434 454 VII.
464 409 489 425 “
504 418 587 454 Iam
614 420 655 453 in
679 417 804 454 altera
827 416 1098 462 philosophiae
1122 422 1248 463 parte,
1269 430 1369 462 quae
1394 422 1455 453 est

291 481 508 527 quaerendi
539 494 583 516 ac
618 480 851 525 disserendi,
883 493 983 525 quae
1019 480 1157 526 λογική
1192 480 1349 526 dicitur,
1380 483 1456 516 iste

291 549 423 581 vester
442 544 573 590 plane,
590 548 634 580 ut
654 543 750 579 mihi
772 543 933 588 quidem
953 542 1123 588 videtur,
1139 546 1299 580 inermis
1319 556 1363 580 ac
1384 556 1455 579 nu-

291 607 364 644 dus
391 612 461 644 est.
513 606 635 642 Tollit
664 606 935 649 definitiones3
964 605 1063 642 nihil
1093 606 1142 642 de
1170 605 1384 642 dividendo
1413 620 1457 642 ac

291 669 501 716 partiendo
531 669 669 713 docet3
699 681 778 705 non
805 668 1002 714 quomodo
1032 669 1220 706 efficiatur
1249 669 1457 705 concluda-

293 738 436 778 turque
463 735 563 769 ratio
594 731 737 775 tradit3
766 745 846 768 non
871 745 947 777 qua
966 734 1028 768 w‘a
1048 734 1220 777 captiosa
1247 732 1458 776 solvantur,

293 796 478 840 ambigua
509 795 806 840 distinguantur
837 794 1013 831 ostendit
1024 807 1033 838 ;
1076 794 1219 830 iudicia
1252 807 1383 831 rerum
1421 798 1462 830 iu

294 858 472 894 sensibus
492 860 618 903 ponit,
640 857 781 902 quibus
802 859 834 893 si
853 856 975 893 semel
997 856 1145 902 aliquid
1173 856 1259 893 falsi
1279 870 1349 902 pro
1370 870 1461 893 vero

295 921 503 967 probatum
533 923 596 965 sit,
618 920 815 956 sublatum
844 932 928 956 esse
956 932 1072 956 omne
1102 920 1289 956 iudicium
1310 923 1391 956 veri
1422 926 1463 957 et

295 983 381 1019 falsi
402 988 526 1029 putat.
547 1012 553 1019 .
574 1011 581 1019 .
601 1011 607 1019 .

351 1079 385 1086 ..
405 1078 412 1085 .
430 1049 642 1085 Confirmat
669 1053 803 1085 autem
833 1048 930 1085 illud
959 1048 1021 1085 vel
1048 1052 1217 1086 maxime
1246 1049 1351 1095 quod
1380 1053 1461 1095 ipsa

297 1118 449 1157 natura,
465 1117 509 1148 ut
529 1115 585 1148 ait
600 1111 681 1156 ille,
698 1114 838 1148 sciscat
855 1116 896 1148 et
911 1111 1064 1157 probet,
1081 1111 1121 1148 id
1138 1117 1198 1149 est
1214 1112 1456 1158 voluptatem

298 1181 339 1211 et
359 1175 545 1211 dolorem.
598 1174 662 1210 Ad
688 1173 786 1210 haec
808 1178 849 1210 et
869 1187 968 1219 quae
989 1187 1198 1220 sequamur
1218 1180 1259 1212 et
1279 1188 1378 1220 quae
1399 1175 1457 1212 fu-

298 1241 449 1282 giamus
469 1236 593 1273 refert
613 1239 752 1272 omnia.
795 1236 913 1281 Quod
933 1249 1169 1282 quamquam
1190 1237 1381 1284 Aristippi
1402 1244 1462 1275 est

298 1313 320 1336 a
337 1300 639 1345 Cyrenaicisque
655 1299 795 1335 melius
815 1299 1054 1344 liberiusque
1070 1299 1313 1345 defenditur,
1330 1305 1463 1337 tamen

301 1361 492 1399 eiusmodi
520 1374 605 1397 esse
632 1360 762 1397 iudico
789 1365 834 1397 ut
860 1361 958 1397 nihil
985 1361 1145 1398 homine
1165 1362 1345 1400 videatur
1364 1363 1465 1399 indi-

301 1428 426 1470 gnius.
450 1424 515 1460 Ad
529 1426 675 1460 maiora
692 1426 797 1459 enim
814 1423 1007 1469 quaedam
1022 1430 1248 1461 nosnatura
1263 1429 1401 1470 genuit
1424 1432 1465 1462 et

301 1487 573 1532 conformavit,
594 1491 638 1523 ut
658 1486 755 1522 mihi
775 1486 936 1531 quidem
951 1486 1116 1523 videtur.
1150 1488 1209 1524 Ac
1230 1487 1312 1524 fieri
1333 1494 1466 1534 potest

300 1556 346 1587 ut
366 1563 513 1594 errem3
543 1549 613 1586 sed
638 1552 693 1585 ita
719 1562 874 1595 prorsus
895 1552 1088 1595 existimo,
1108 1563 1238 1596 neque
1260 1564 1350 1587 eum
1370 1551 1464 1588 Tor-

301 1617 465 1659 quatum
475 1615 540 1658 qui
550 1612 624 1648 hoc
633 1615 779 1658 primus
789 1625 1010 1657 cognomen
1021 1608 1188 1650 invenit1
1201 1619 1269 1650 aut
1282 1619 1463 1660 torquem

302 1677 414 1713 iilum
442 1675 547 1712 hosti
577 1675 793 1712 detraxisse
820 1680 866 1712 ut
891 1675 1061 1721 aliquam
1090 1689 1139 1712 ex
1168 1689 1214 1713 eo
1243 1680 1466 1723 perciperet

304 1751 463 1784 corpore
484 1738 728 1783 voluptatem
755 1743 824 1775 aut
844 1751 933 1774 cum
954 1738 1104 1775 Latinis
1123 1741 1242 1776 tertio
1263 1740 1466 1777 consulatu

475 1810 485 1830 ¹
498 1811 639 1842 invenit
655 1812 693 1849 B,
714 1811 761 1847 E;
786 1811 964 1843 invenerit
977 1812 1008 1842 A
1024 1812 1094 1843 and
1111 1812 1167 1843 inf.
1191 1812 1291 1844 MSS.

357 1908 373 1926 ὃ
384 1902 553 1952 I·n.G.1·eek
566 1903 676 1943 Logic
691 1904 846 1952 διᾳίρες-ις,
858 1904 916 1934 the
928 1903 1070 1934 method
1081 1903 1287 1945 ofdefining
1296 1915 1318 1936 a
1329 1906 1467 1945 species

302 1946 1465 2032 bybssssss'1252ssfeffffissvssssfffieaufifissff&fiffaffidkssslgbffbi}mose

304 2033 389 2064 than
407 2042 472 2063 one
489 2036 653 2063 sentence
670 2031 735 2062 has
752 2031 839 2063 been
857 2033 935 2064 lost.

412 2086 461 2118 24-
