1574 2364
169 976 212 1013 17

164 1933 208 1966 18

557 106 751 145 CICERO
782 106 855 143 DE
885 107 1102 146 FlNlBUS

253 188 472 226 Antiochus
503 187 676 224 libenter
701 189 759 223 uti
786 186 894 225 solet.
957 187 1030 224 Ille
1059 190 1179 233 igitur
1205 188 1304 226 vidit
1329 202 1409 226 non

251 261 368 297 modo
395 264 491 304 quot
511 258 679 295 fuissent
697 257 826 294 adhuc
846 259 1166 304 philosophorum
1187 259 1237 296 de
1258 273 1409 297 summo

252 332 354 367 bono
393 330 462 366 sed
500 334 597 374 quot
634 331 794 365 omnino
841 342 925 366 esse
964 335 1125 375 possent
1171 334 1404 368 sententiae.

250 402 434 446 Negabat
472 403 593 445 igitur
631 399 751 435 ullam
786 412 870 436 esse
905 405 1032 436 artem
1061 414 1161 446 quae
1195 404 1278 446 ipsa
1310 415 1333 437 a
1366 414 1407 438 se

250 473 581 519 proficisceretur3
612 474 761 507 etenim
791 484 947 516 semper
974 471 1071 508 illud
1093 477 1202 508 extra
1224 477 1283 509 est
1303 473 1408 518 quod

247 550 332 580 arte
364 542 722 588 comprehenditur.
784 542 891 577 Nihil
914 555 1010 587 opus
1032 548 1092 579 est
1113 544 1304 588 exemplis
1334 543 1408 580 hoc

248 616 377 652 facere
408 614 584 658 longius3
616 617 676 649 est
709 615 815 648 enim
840 616 1088 658 perspicuum
1114 613 1261 650 nullam
1282 619 1408 650 artem

249 690 370 732 ipsam
405 688 444 721 111
480 697 520 721 56
555 686 710 728 versari,
745 683 814 719 sed
849 696 933 720 esse
967 684 1073 720 aliud
1111 689 1236 721 artem
1270 687 1406 730 ipsam,

248 758 353 794 aliud
381 756 485 801 quod
518 758 760 800 propositum
788 757 838 791 sit
867 757 962 798 arti3
989 758 1172 801 qnoniam
1200 759 1333 801 igitur,
1363 761 1408 793 ut

247 828 444 866 medicina
483 825 732 870 valetudinis,
771 828 1033 870 navigationis
1067 827 1315 871 gubernatio,
1353 830 1407 864 sic

246 898 402 936 vivendi
434 910 494 932 ars
521 901 582 933 est
610 895 832 941 prudentia,
861 909 1022 932 neccsse
1051 901 1112 933 est
1139 909 1225 933 eam
1252 909 1407 943 quoque

245 971 294 1007 ab
314 970 443 1014 aliqua
463 981 504 1003 re
527 979 611 1003 esse
640 969 895 1002 constitutam
918 971 959 1002 et
979 966 1206 1012 profectam.
1254 968 1405 1005 Consti-

245 1045 296 1078 tit
326 1044 460 1076 autem
492 1037 574 1073 fere
606 1040 711 1073 inter
744 1049 893 1081 01111165,
927 1036 980 1081 id,
1014 1040 1054 1073 in
1089 1050 1165 1082 quo
1194 1039 1404 1084 prudentia

245 1114 465 1149 versaretur
486 1113 527 1144 et
548 1107 651 1153 quod
672 1110 825 1152 assequi
856 1107 990 1152 vellet,
1017 1113 1154 1153 aptum
1183 1113 1225 1145 et
1254 1122 1403 1146 accom-

243 1181 446 1220 modatum
468 1185 630 1215 naturae
652 1191 736 1215 esse
758 1184 939 1224 oportere
962 1184 1003 1215 et
1023 1179 1102 1215 tale
1123 1184 1167 1216 ut
1187 1183 1314 1225 ipsum
1334 1194 1406 1226 per

244 1267 284 1292 se
305 1255 490 1289 invitaret
511 1255 551 1286 et
572 1249 748 1285 alliceret
768 1253 989 1294 appetitum
1006 1254 1137 1295 animi,
1154 1263 1270 1296 quem
1288 1250 1404 1297 ὁρμήν

245 1326 385 1363 Graeci
419 1326 569 1357 vocant.
630 1319 735 1365 Quid
770 1325 903 1356 autern
938 1324 988 1357 sit
1022 1321 1125 1366 quod
1160 1325 1215 1358 ita
1248 1329 1404 1360 moveat

243 1399 376 1440 itaque
397 1406 419 1428 a
438 1396 579 1427 natura
599 1393 638 1425 in
655 1393 780 1435 primo
797 1395 884 1426 ortu
902 1396 1124 1435 appetatur,
1142 1404 1221 1427 non
1238 1398 1404 1438 constat,

243 1466 371 1510 deque
393 1475 439 1499 eo
460 1466 520 1498 est
540 1464 645 1496 inter
660 1459 923 1505 philosophos,
941 1473 1029 1496 cum
1046 1474 1241 1498 summum
1258 1462 1402 1499 bonurn

243 1532 472 1576 exquiritur,
494 1529 619 1563 omnis
641 1526 840 1562 dissensio.
878 1526 1016 1563 Totius
1036 1530 1141 1563 enim
1163 1531 1402 1572 quaestionis

243 1602 326 1635 eius
347 1608 446 1641 quae
472 1595 639 1630 habetur
666 1592 716 1629 de
742 1592 883 1628 finibus
911 1593 1102 1629 bonorum
1130 1598 1172 1630 et
1197 1593 1401 1640 malorum,

243 1677 331 1700 cum
353 1663 554 1707 quaeritur
574 1662 614 1695 in
641 1658 701 1695 his
729 1658 823 1703 quid
848 1661 898 1694 sit
926 1663 1160 1704 extremum,
1189 1660 1283 1705 quid
1310 1660 1401 1696 ulti-

242 1742 362 1773 mum,
383 1726 469 1763 fons
490 1723 746 1771 reperiendus
767 1729 827 1760 est
848 1727 888 1759 in
909 1737 985 1769 quo
1006 1727 1085 1761 sint
1111 1728 1235 1770 prima
1261 1728 1400 1762 invita-

241 1799 376 1832 menta
396 1797 580 1834 naturae3
602 1803 678 1835 quo
698 1793 860 1826 invento
876 1794 1002 1827 01111115
1019 1791 1067 1827 ab
1084 1804 1130 1827 eo
1147 1794 1254 1836 quasi
1271 1794 1396 1837 capite

240 1861 289 1898 de
311 1871 462 1897 summo
483 1858 585 1894 bono
607 1861 648 1892 et
667 1856 770 1892 malo
790 1854 1004 1902 disputatio
1025 1856 1190 1893 ducitur.

295 1925 383 1962 VII.
406 1915 664 1969 “Voluptatis
684 1921 749 1958 alii
770 1925 938 1968 primum
958 1926 1180 1968 appetitum
1201 1928 1343 1969 putant
1359 1928 1400 1960 et

239 1996 404 2039 primam
424 1989 697 2036 depulsionem
717 1987 880 2031 doloris;
910 1992 1146 2025 vacuitatem
1168 1989 1310 2026 doloris
1333 1989 1396 2025 alii

349 2050 423 2082 408
