1574 2364
209 1162 255 1200 19

590 172 785 208 CICERO
818 172 892 209 DE
923 172 1142 211 FINIBUS

283 250 461 297 voluptas
472 263 481 295 ς
531 250 646 288 aliter
696 254 802 288 enim
859 252 1046 298 explicari
1093 252 1198 298 quod
1248 257 1448 298 quaeritur

282 330 362 354 non
388 322 531 364 potest.
593 317 723 363 Quam
745 321 775 355 si
801 318 1089 365 explicavisset,
1109 332 1190 356 non
1214 324 1296 356 tam
1322 319 1448 357 haesi-

283 389 407 426 taret3
449 389 519 421 aut
557 387 664 421 enim
703 398 791 422 eam
828 385 1075 432 voluptatem
1113 391 1294 423 tueretur
1333 399 1449 431 quam

283 451 523 497 Aristippus,
556 450 597 487 id
629 456 690 488 est
722 465 799 497 qua
829 464 966 489 sensus
997 451 1169 489 dulciter
1199 465 1244 489 ac
1275 451 1449 489 iucunde

284 522 478 562 movetur,
499 531 617 563 quam
639 520 759 555 etiam
779 518 952 564 pecudes
973 520 1006 554 si
1028 517 1136 564 loqui
1156 523 1321 564 possent
1341 517 1449 563 apel-

282 584 413 620 larent
433 584 699 629 voluptatem;
730 589 812 629 aut,
833 587 863 621 si
893 587 1018 629 magis
1045 584 1220 630 placeret
1246 598 1315 621 suo
1342 596 1450 620 more

284 650 390 695 loqui
410 663 527 696 quani
549 655 592 686 ut

503 738 653 775 Omnes
676 738 803 774 Danai
823 743 944 783 atque
967 738 1246 784 Mycenenses,

506 804 641 840 Attica
662 804 799 849 pubes,

287 892 511 937 reliquique
540 893 682 928 Graeci
715 894 781 937 qui
812 891 887 928 hoe
918 896 1132 937 anapaesto
1165 893 1350 938 citantur,
1379 892 1452 929 hoc

285 972 365 995 non
385 958 519 995 dolere
540 957 666 995 solum
688 957 899 1003 voluptatis
921 960 1080 994 nomine
1100 957 1333 1004 appellaret,
1354 959 1452 995 illud

286 1025 557 1070 Aristippeum
571 1029 867 1069 contemneret3
887 1029 970 1070 aut,
982 1027 1014 1061 si
1029 1029 1241 1069 utrumque
1253 1025 1450 1070 probaret,

285 1097 331 1128 ut
353 1092 506 1137 probat,
533 1093 793 1136 coniungeret
813 1090 955 1127 doloris
976 1093 1214 1127 vacuitatem
1234 1103 1323 1127 cum
1343 1090 1450 1127 volu-

285 1163 397 1204 ptate
430 1163 471 1195 et
502 1157 654 1195 duobus
686 1157 835 1194 ultimis
867 1162 1057 1194 uteretur.
1117 1157 1240 1194 Multi
1269 1159 1375 1194 enim
1409 1162 1451 1194 et

286 1226 421 1270 magni
448 1223 673 1270 philosophi
693 1223 791 1260 haec
811 1223 953 1261 ultima
978 1224 1173 1261 bonorum
1191 1225 1327 1260 iuncta
1346 1223 1451 1260 fece-

287 1296 400 1335 runt;
420 1295 465 1327 ut
485 1283 739 1328 Aristoteles1
759 1293 915 1327 virtutis
935 1303 1049 1327 usum
1077 1303 1167 1327 cum
1192 1292 1297 1327 vitae
1323 1290 1453 1336 perfe-

290 1362 376 1394 ctae
411 1360 674 1403 prosperitate
713 1360 931 1403 coniunxit,
970 1356 1150 1403 Callipho
1189 1356 1371 1394 adiunxit
1403 1356 1453 1392 ad

288 1424 540 1460 honestatem
560 1423 819 1469 voluptatem,
837 1423 1034 1460 Diodorus
1059 1422 1110 1459 ad
1136 1422 1305 1459 eandem
1331 1422 1453 1459 hone-

289 1496 434 1527 statem
467 1489 623 1527 addidit
658 1493 897 1527 vacuitatem
932 1489 1086 1527 doloris.
1147 1488 1260 1526 Idem
1294 1488 1454 1526 fecisset

291 1557 498 1602 Epicurus,
520 1559 551 1594 si
571 1560 813 1593 sententiam
832 1556 947 1602 hanc,
969 1568 1069 1601 quae
1088 1568 1195 1592 nunc
1216 1555 1453 1600 Hieronymi

289 1628 362 1668 est,
376 1625 643 1660 coniunxisset
657 1636 747 1660 cum
762 1622 956 1668 Aristippi
969 1626 1104 1659 vetere
1118 1623 1327 1659 sententia.
1389 1621 1451 1657 Illi

289 1692 396 1726 enim
417 1692 522 1726 inter
541 1702 582 1726 se
604 1689 866 1733 dissentiunt3
895 1693 1110 1738 propterea
1129 1687 1292 1733 singulis
1313 1687 1453 1724 finibus

287 1760 467 1801 utuntur,
482 1760 535 1801 et,
550 1769 639 1792 cum
653 1761 821 1801 uterque
837 1755 988 1792 Graece
1003 1756 1163 1800 egregie
1175 1753 1454 1799 loquatur,nec

288 1822 527 1867 Aristippus,
548 1825 616 1868 qui
635 1822 883 1868 voluptatem
903 1833 1100 1858 summum
1119 1820 1267 1857 bonum
1288 1819 1398 1865 dicit,
1413 1822 1454 1856 in

287 1888 491 1934 voluptate
512 1891 624 1934 ponit
648 1901 727 1925 non
753 1888 902 1934 dolere,
922 1900 1054 1933 neque
1081 1887 1363 1932 Hieronymus,
1388 1888 1454 1931 qui

419 1970 431 1989 ¹
446 1973 487 2001 ut
503 1969 722 2006 Aristoteles,·
748 1968 806 1998 inf.
829 1968 931 1999 MSS.
951 1970 993 1998 ut
1005 1967 1207 1998 Aristoteles
1221 1966 1293 2007 qui.

544 2063 561 2081 ³
575 2057 678 2088 From
696 2066 794 2087 some
811 2055 968 2096 tragedy
983 2054 1173 2086 unknown.

398 2114 474 2147 100
