1574 2364
225 196 266 228 21

227 1396 276 1427 22

613 112 807 149 CICERO
840 111 913 147 DE
946 111 1163 149 FINIBUS

361 191 428 228 IX.
462 182 484 198 “
496 192 531 227 O
548 204 731 235 magnam
749 193 826 226 vim
843 193 978 236 ingeni
994 203 1227 235 causamque
1244 194 1385 227 iustam
1402 203 1469 226 cur

306 272 404 294 nova
427 260 637 294 exsisteret
657 257 881 302 disciplina!
943 258 1067 303 Perge
1088 270 1221 302 porro:
1251 262 1469 302 sequuntur

308 328 416 361 enim
438 338 483 361 ea
504 337 604 369 quae
625 329 668 360 tu
690 326 950 360 scientissime
971 323 1198 369 complexus
1219 337 1273 368 es,
1293 326 1468 360 omnium

307 394 590 436 insipientiam,
618 393 865 435 iniustitiam,
886 391 961 426 alia
984 393 1079 427 vitia
1102 390 1243 426 similia
1266 403 1364 435 esse,
1389 404 1471 426 om-

305 461 449 503 niaque
477 462 640 503 peccata
660 470 745 494 esse
772 460 891 502 paria,
914 470 1059 502 eosque
1081 459 1147 502 qui
1168 462 1308 493 natura
1328 456 1472 493 doctri-

304 537 433 569 naque
472 524 590 569 longe
630 524 679 560 ad
719 527 907 561 virtutem
946 526 1240 570 processissent,
1275 526 1347 560 nisi
1383 537 1468 560 earn

306 591 423 636 plane
452 594 653 627 consecuti
682 596 829 635 essent,
851 604 1003 627 summe
1031 604 1116 627 esse
1144 593 1317 635 miseros,
1338 604 1468 636 neque

304 660 409 694 inter
447 671 582 694 corum
616 660 735 693 vitam
770 662 812 694 et
850 658 1225 703 improbissimorum
1256 657 1469 702 quidquam

305 727 466 760 omnino
493 727 699 769 interesse,
721 729 765 760 ut
789 724 912 769 Plato,
934 728 1068 760 tantus
1090 724 1156 760 ille
1178 727 1246 768 vir,
1268 727 1298 760 si
1319 727 1473 769 sapiens

305 804 384 827 non
412 791 545 835 fuerit,
567 791 691 827 nihilo
712 791 851 827 melius
873 804 989 836 quam
1014 794 1139 836 quivis
1164 791 1470 836 improbissimus

305 870 378 894 nec
414 858 568 893 beatius
604 860 755 893 vixerit.
817 858 929 893 Haec
964 857 1151 893 videlicet
1185 861 1246 893 est
1280 860 1469 893 correctio

307 924 579 969 philosophiae
619 927 764 960 veteris
808 929 850 960 et
892 924 1131 968 emendatio,
1171 936 1270 968 quae
1310 926 1470 960 omnino

305 991 459 1027 aditum
480 990 633 1027 nullum
654 990 800 1026 habere
822 994 955 1035 potest
975 993 1015 1026 in
1036 991 1187 1035 urbem,
1209 993 1249 1026 in
1269 989 1409 1035 forum,
1431 993 1470 1026 in

309 1060 467 1093 curiam.
528 1056 626 1102 Quis
649 1060 755 1093 enirn
776 1056 879 1093 ferre
901 1062 1033 1102 posset
1052 1059 1108 1093 ita
1128 1057 1357 1102 loquentem
1379 1070 1469 1093 eum

307 1127 375 1170 qui
403 1137 442 1160 se
465 1129 665 1160 auctorem
687 1127 791 1160 vitae
818 1127 991 1168 graviter
1012 1129 1053 1160 et
1073 1126 1273 1169 sapienter
1291 1124 1469 1169 agendae

307 1191 572 1236 profiteretur,
595 1193 755 1225 nomina
781 1203 912 1225 rerum
940 1182 1280 1234 commutantem,l
1302 1203 1469 1235 cumque

309 1257 414 1293 idem
447 1259 615 1292 sentiret
647 1256 752 1300 quod
791 1268 940 1300 omnes,
973 1256 1113 1300 quibus
1148 1256 1263 1292 rebus
1302 1256 1469 1292 eandem

308 1326 386 1358 vim
410 1323 605 1358 tribueret
631 1322 706 1357 alia
727 1325 886 1357 nomina
906 1325 1192 1366 imponentem,
1210 1322 1327 1357 verba
1353 1322 1470 1358 modo

307 1395 544 1433 mutantem,
566 1389 615 1425 de
637 1389 888 1434 opinionibus
908 1388 1006 1424 nihil
1034 1388 1338 1424 detrahentem?
1398 1388 1467 1424 Pa-

307 1462 497 1492 tronusne
528 1468 666 1491 causae
695 1457 735 1490 in
763 1454 919 1499 epilogo
951 1467 1021 1499 pro
1048 1467 1114 1490 reo
1141 1453 1276 1490 dicens
1303 1459 1469 1498 negaret

307 1531 391 1555 esse
412 1517 560 1554 malum
582 1517 775 1562 exsilium,
797 1516 1105 1562 publicationem
1126 1517 1341 1552 bonorum?
1371 1516 1468 1552 haec

305 1580 505 1617 reicienda
543 1593 641 1625 esse,
680 1593 759 1615 non
798 1579 1010 1623 fugienda?
1058 1592 1132 1615 nec
1178 1579 1470 1615 misericordem

305 1644 477 1680 iudicem
525 1656 609 1679 esse
658 1643 865 1688 oportere?
944 1642 989 1678 In
1037 1645 1221 1678 contione
1263 1647 1397 1678 autem
1440 1644 1471 1678 si

305 1707 548 1751 loqueretur,
564 1709 594 1741 si
617 1705 817 1741 Hannibal
835 1705 884 1742 ad
902 1710 1033 1750 portas
1048 1707 1222 1741 venisset
1237 1718 1470 1749 murumque

305 1769 431 1805 iaculo
456 1771 689 1812 traiecisset,
712 1773 878 1812 negaret
900 1781 984 1804 csse
1004 1771 1045 1803 in
1066 1768 1176 1803 malis
1203 1770 1301 1813 capi,
1322 1770 1469 1812 venire,

304 1831 487 1875 interfici,
508 1834 675 1876 patriam
696 1831 905 1867 amittere?
944 1831 1010 1866 An
1029 1835 1201 1874 senatus,
1223 1844 1311 1866 cum
1331 1833 1468 1866 trium-

354 1952 517 1982 ¹n0mina
550 1961 663 1982 rerum
695 1953 962 1981 commutantem
986 1949 1181 1981 bracketed
1207 1949 1251 1990 by
1277 1949 1372 1980 Mdv.
1398 1948 1467 1980 and

311 2006 363 2027 eas
374 1995 435 2026 lier
451 1995 530 2027 edd.

414 2049 489 2082 324
