1574 2364
231 1495 275 1527 18

603 137 797 174 CICERO
830 137 903 174 DE
934 139 1153 177 FINIBUS

295 216 409 253 alteri
430 220 593 253 misceat
620 217 790 254 mulsum
815 221 898 263 ipse
923 232 1003 255 non
1028 222 1178 264 sitiens,
1205 224 1247 256 et
1274 233 1364 257 eum
1391 223 1458 266 qui

297 296 395 333 illud
417 299 554 332 sitiens
576 296 742 333 bibat?’'

351 375 417 412 VI.
450 375 552 411 Tum
591 375 677 412 ille:
713 366 899 421 “Finem,
934 379 1076 422 inquit,
1110 378 1394 424 interrogandi,
1428 380 1461 415 si

297 453 473 498 videtum
503 455 608 500 quod
638 454 799 500 quidem
821 468 895 500 ego
915 469 937 491 a
963 459 1155 502 principio
1183 459 1238 493 ita
1257 470 1322 494 me
1342 457 1460 495 malle

295 534 484 579 dixeram,
498 533 573 570 hoc
593 536 721 579 ipsum
742 535 964 580 providens,
979 535 1204 572 dialecticas
1219 536 1459 582 captiones.'’

297 604 542 651 “Rhetorice
562 613 722 659 igitur,'’
744 616 918 659 inquam,
940 605 1042 651 “nos
1062 618 1183 652 mavis
1204 629 1320 661 quam
1341 616 1462 653 diale-

297 696 398 730 ctice
419 693 679 739 disputare?’'
740 684 896 738 “Quasi
917 694 1046 739 vero,''
1070 697 1212 740 inquit,
1234 685 1462 741 “perpetua

297 776 421 810 oratio
434 772 637 810 rhetorum
653 772 792 818 solum,
808 785 886 809 non
905 776 1023 810 etiam
1037 773 1358 820 philosophorum
1373 774 1462 812 sit.’'

300 843 503 890 “Zenonis
536 852 635 898 est,”
669 856 842 899 inquam,
865 843 973 890 “hoc
1013 854 1156 898 Stoici3
1195 868 1352 892 omnem
1385 858 1464 892 vim

299 932 501 978 loquendi,
523 937 569 969 ut
598 935 674 968 iam
704 937 797 969 ante
818 932 1068 978 Aristoteles,
1089 935 1129 969 in
1154 933 1250 970 duas
1274 934 1464 970 tributam

301 1024 386 1048 esse
419 1016 563 1057 partes,
595 1010 831 1048 rhetoricam
863 1011 1029 1056 palmae,
1062 1011 1310 1049 dialecticam
1341 1015 1464 1058 pugni

301 1091 468 1128 similem
482 1104 566 1128 esse
576 1090 746 1136 dicebat,
757 1090 861 1136 quod
874 1090 990 1127 latius
1002 1090 1261 1136 loquerentur
1272 1091 1464 1137 rhetores,

302 1171 499 1208 dialectici
521 1175 654 1207 autem
668 1172 936 1216 compressius.
979 1170 1186 1216 Obsequar
1198 1173 1319 1216 igitur
1331 1171 1466 1208 volun-

304 1253 377 1287 tati
398 1255 491 1286 tuae
512 1249 719 1295 dicamque
741 1251 771 1286 si
799 1254 938 1295 potero
957 1249 1166 1295 rhetorice,
1188 1249 1258 1287 sed
1282 1249 1354 1286 hac
1379 1250 1468 1287 rhe-

305 1332 429 1368 torica
449 1329 784 1375 philosophorum,
807 1342 886 1364 non
915 1334 1049 1365 nostra
1077 1329 1144 1365 illa
1173 1329 1332 1375 forensi,
1354 1343 1470 1375 quam

306 1422 467 1447 necesse
489 1413 562 1453 est,
576 1421 665 1444 cum
686 1408 929 1454 populariter
948 1408 1143 1453 loquatur,
1166 1421 1250 1445 esse
1270 1409 1471 1445 interdum

307 1489 422 1535 paulo
442 1487 700 1524 hebetiorem.
763 1487 841 1524 Sed
862 1487 957 1523 dum
978 1487 1239 1532 dialecticam,
1260 1487 1471 1533 Torquate,

307 1568 531 1605 contemnit
562 1565 766 1610 Epicurus,
788 1578 888 1610 quae
921 1577 999 1601 una
1029 1568 1211 1602 eontinet
1241 1578 1400 1602 omnem
1429 1570 1472 1602 et

308 1644 572 1693 perspiciendi
611 1644 705 1689 quid
744 1647 785 1679 in
824 1656 979 1689 quaque
1013 1656 1056 1681 re
1095 1646 1146 1680 sit
1184 1646 1390 1680 scientiam
1429 1648 1472 1681 et

310 1723 508 1762 iudicandi
535 1723 650 1768 quale
671 1722 844 1768 quidque
872 1725 923 1759 sit
950 1727 992 1759 et
1021 1724 1173 1759 ratione
1192 1735 1237 1759 ac
1257 1724 1319 1758 via
1337 1722 1470 1768 dispu-

307 1804 433 1849 tandi,
453 1805 531 1839 ruit
557 1804 598 1837 in
625 1801 808 1845 dicendo,
829 1805 875 1837 ut
900 1800 997 1837 mihi
1025 1800 1185 1846 quidem
1206 1799 1374 1846 videtur,
1396 1813 1470 1837 nec

308 1893 354 1917 ea
373 1891 473 1924 quae
489 1877 631 1914 docere
648 1876 731 1912 vult
752 1872 832 1912 ulla
852 1880 936 1912 arte
958 1875 1187 1920 distinguit3
1208 1879 1253 1911 ut
1274 1874 1372 1912 haec
1388 1877 1471 1921 ipsa

307 1967 406 2000 quae
435 1952 553 1989 modo
583 1951 850 1996 loquebamur.
911 1950 1116 1987 Summum
1143 1963 1165 1985 a
1186 1950 1293 1986 vobis
1323 1950 1469 1986 bonum

306 2029 486 2074 voluptas
517 2026 671 2064 dicitur.
731 2024 1005 2070 Aperiendum
1039 2029 1101 2062 est
1139 2026 1259 2069 igitur
1291 2024 1385 2069 quid
1416 2026 1467 2061 sit

413 2086 462 2123 98
