1533 2349
197 817 242 849 12

191 1881 238 1915 13

578 91 775 129 CICERO
808 91 882 128 DE
913 92 1132 131 FINIBUS

266 173 347 208 vita
379 175 493 208 tanto
522 183 641 217 opere
671 171 942 217 quaerendum
972 185 1090 218 quam
1118 186 1207 211 cum
1236 177 1366 212 omnia
1395 179 1436 211 in

270 241 530 288 philosophia,
551 247 638 280 tum
662 242 704 279 id
727 242 833 288 quod
852 242 913 279 his
933 242 1042 280 libris
1066 247 1279 292 quaeritur,
1300 248 1368 293 qui
1388 249 1439 283 sit

271 313 370 359 finis,
391 314 487 359 quid
514 318 750 360 extremum,
772 314 868 360 quid
894 314 1080 352 ultimum
1106 329 1183 362 quo
1206 319 1286 354 sint
1308 319 1440 354 omnia

270 384 374 421 bene
404 385 562 422 vivendi
594 389 784 431 recteque
816 385 989 423 faciendi
1021 387 1181 424 consilia
1210 388 1439 431 referenda3

270 455 365 501 quid
385 461 572 501 sequatur
596 461 738 493 natura
757 461 802 494 ut
823 469 1020 495 summum
1041 471 1089 495 ex
1108 459 1224 496 rebus
1248 464 1439 505 expeten-

271 527 343 573 dis,
366 527 461 572 quid
481 527 609 573 fugiat
628 532 674 565 ut
694 533 918 565 extremum
938 529 1153 566 malorum?
1211 529 1299 576 Qua
1322 531 1372 568 de
1396 544 1438 567 re

271 611 359 634 cum
382 601 432 635 sit
452 601 557 635 inter
578 598 825 637 doctissimos
846 613 998 637 summa
1018 601 1219 647 dissensio,
1241 604 1326 648 quis
1346 602 1439 638 alie-

272 683 367 706 num
396 675 514 715 putet
543 672 626 707 eius
657 684 741 707 esse
772 671 980 716 dignitatis
1006 685 1123 718 quam
1150 672 1247 709 mihi
1276 676 1440 719 quisque

273 741 434 786 tribuat,
474 741 568 787 quid
608 744 649 778 in
688 745 794 779 omni
833 756 999 780 munere
1033 746 1137 781 vitae
1176 747 1369 790 optimum
1401 749 1443 781 et

276 815 518 849 verissimum
567 815 619 850 sit
675 815 907 859 exquirere?
969 814 1048 861 An,
1096 820 1230 861 partus
1277 815 1441 852 ancillae

273 887 377 921 sitne
404 887 444 920 in
473 884 604 921 fructu
632 884 852 930 habendus,
879 885 1093 923 disseretur
1118 888 1224 924 inter
1246 889 1443 932 principes

274 958 456 1000 civitatis,
498 955 537 992 P.
580 955 809 993 Scaevolam
849 957 1107 1014 Maniumque
1139 957 1360 1003 Manilium,
1394 958 1443 993 ab

273 1029 397 1072 iisque
429 1027 483 1063 M.
509 1027 653 1064 Brutus
681 1027 892 1065 dissentiet
917 1020 1040 1074 (quod
1067 1033 1109 1065 et
1134 1034 1293 1065 acutum
1315 1042 1442 1075 genus

275 1103 336 1135 est
360 1103 401 1134 et
420 1097 470 1134 ad
491 1111 582 1135 usus
610 1101 754 1135 civium
781 1112 862 1135 non
888 1099 1043 1145 inutile,
1064 1112 1213 1146 nosque
1234 1113 1280 1137 ea
1298 1102 1443 1145 scripta

274 1169 504 1215 reliquaque
537 1169 715 1206 eiusdem
746 1173 905 1215 generis
935 1175 977 1207 et
1006 1170 1176 1216 legimus
1204 1170 1376 1207 libenter
1403 1175 1445 1207 et

274 1232 499 1286 legemus);
550 1240 649 1277 haec
701 1254 801 1286 quae
845 1244 966 1277 vitam
1024 1254 1181 1278 onmem
1237 1244 1445 1278 continent

274 1311 567 1358 neglegentur?
620 1312 724 1348 Nam
755 1318 801 1349 ut
834 1316 914 1349 sint
944 1312 1011 1349 illa
1042 1312 1312 1358 vendibiliora,
1348 1312 1445 1349 haec

275 1383 456 1420 uberiora
485 1388 595 1420 certe
619 1389 721 1420 sunt.
782 1383 1031 1429 Quamquam
1055 1384 1096 1421 id
1123 1384 1283 1430 quidem
1307 1384 1444 1420 licebit

274 1456 320 1490 iis
341 1456 565 1490 existimare
586 1456 653 1499 qui
673 1453 855 1499 legerint.
906 1453 988 1490 Nos
1007 1458 1141 1490 autem
1160 1453 1262 1489 hanc
1283 1467 1440 1490 omnem

274 1527 547 1570 quaestionem
580 1524 631 1560 de
665 1524 806 1561 finibus
837 1524 1029 1560 bonorum
1060 1528 1103 1561 et
1131 1523 1322 1560 malorum
1357 1523 1440 1560 fere

272 1609 295 1631 a
327 1595 440 1631 nobis
472 1593 709 1640 explicatam
734 1607 818 1631 esse
849 1593 910 1631 his
935 1585 1102 1630 litterisl
1125 1594 1372 1639 arbitramur,
1398 1597 1440 1630 in

272 1666 425 1711 quibus,
461 1669 654 1710 quantum
687 1667 900 1710 potuimus,
931 1677 1012 1700 non
1044 1663 1162 1700 modo
1196 1663 1290 1709 quid
1328 1664 1441 1701 nobis

271 1736 504 1782 probaretur
534 1734 605 1771 sed
637 1737 758 1771 etiam
789 1734 885 1779 quid
915 1747 939 1770 a
968 1733 1132 1779 singulis
1169 1733 1440 1779 philosophiae

271 1805 487 1850 disciplinis
509 1803 709 1840 diceretur
728 1805 927 1849 persecuti
949 1816 1091 1840 sumus.

323 1874 369 1912 V.
404 1874 460 1911 Ut
488 1878 623 1909 autem
646 1886 670 1909 a
693 1872 889 1909 facillimis
916 1871 1126 1917 ordiamur,
1153 1874 1278 1918 prima
1306 1875 1439 1910 veniat

398 1986 565 2018 1litteris:
588 1984 684 2016 Mdv.
705 1985 789 2016 with
807 1985 930 2015 others
947 1980 1165 2025 conjectures
1189 1984 1297 2017 libris.

378 2042 426 2074 14-
