1574 2364
585 143 780 180 CICERO
811 142 885 179 DE
917 143 1134 181 FINIBUS

277 225 477 268 constitui,
506 225 538 259 si
572 235 618 258 ea
644 234 744 267 quae
775 226 886 258 extra
915 225 1103 259 virtutem
1132 226 1211 260 sint
1240 225 1289 261 ad
1324 225 1439 263 beate

277 278 488 314 vivendum
516 280 755 322 pertineant.
815 276 932 322 Quod
959 283 1088 314 totum
1115 284 1252 315 contra
1273 285 1353 323 est;
1382 283 1439 316 in-

276 333 431 369 troduci
461 335 566 367 enim
597 334 719 367 virtus
749 331 858 367 nullo
887 332 1005 368 modo
1034 338 1179 378 potest,
1209 337 1283 370 nisi
1310 339 1440 371 onmia

277 386 396 432 quael
424 387 534 431 leget
576 399 756 431 quaeque
798 389 936 422 reiciet
974 400 1091 423 unam
1129 388 1353 425 referentur
1390 390 1439 426 ad

277 455 479 478 summani.
541 441 642 476 Nam
681 444 711 476 si
755 444 915 477 omnino
953 439 1046 477 nos2
1085 442 1359 488 neglegemus,
1398 447 1439 480 in

277 497 487 532 Aristonea
503 498 596 531 vitia
616 495 835 531 incidemus
849 500 891 531 et
910 501 1072 540 peccata
1087 496 1439 543 obliviscemurque

277 564 376 596 quae
392 553 529 586 virtuti
550 553 623 595 ipsi
644 552 834 595 principia
851 550 1096 594 dederimus3
1126 553 1157 587 si
1178 564 1223 588 ea
1243 565 1323 588 non
1343 565 1437 598 neg-

276 606 454 650 legemus
480 617 610 649 neque
638 609 773 640 tamen
792 604 842 640 ad
869 604 987 640 finem
1007 608 1148 641 summi
1175 606 1267 642 boni
1295 607 1439 643 refere-

276 673 375 704 mus,
417 672 496 695 non
539 659 709 695 multum
751 659 800 694 ab
844 659 955 695 Erilli
994 659 1158 696 levitate
1197 660 1436 704 aberimus;3

276 715 442 751 duarum
462 717 568 750 enim
582 716 749 749 vitarum
764 714 876 750 nobis
897 719 1014 750 erunt
1033 717 1215 751 instituta
1235 716 1435 761 capienda.

279 769 389 805 Facit
415 772 521 804 enim
548 768 613 804 ille
641 768 719 804 duo
739 771 917 804 seiuncta
944 768 1082 805 ultima
1113 770 1316 815 bonorum,
1338 783 1437 816 quae

277 830 321 860 ut
342 828 475 860 essent
495 836 585 859 vera
601 826 786 867 coniungi
803 823 1047 866 debuerunt3
1064 837 1170 860 nunc
1185 827 1239 860 ita
1255 837 1437 870 separan-

277 884 341 915 tur
356 883 400 914 ut
421 878 597 914 diiuncta
618 880 709 922 sint,
731 890 808 922 quo
828 877 926 913 nihil
947 883 1080 923 potest
1100 891 1185 915 esse
1205 882 1435 924 perversius.

199 939 240 969 41
278 933 417 978 Itaque
449 938 585 968 contra
619 938 680 968 est
710 945 754 967 ac
786 932 935 975 dicitis;
976 946 1067 969 nam
1098 936 1285 970 constitui
1315 937 1438 971 virtus

276 988 385 1024 nullo
410 987 528 1023 modo
559 992 692 1032 potest
718 989 792 1022 nisi
819 1000 865 1023 ea
885 1000 985 1032 quae
1005 993 1098 1024 sunt
1123 991 1248 1033 prima
1273 994 1437 1025 naturae

276 1048 320 1079 ut
340 1042 389 1078 ad
416 1055 608 1078 summam
629 1044 872 1086 pertinentia
892 1043 1059 1078 tenebit.
1120 1042 1310 1088 Quaesita
1331 1047 1436 1079 enim

276 1101 397 1133 virtus
424 1102 485 1133 est
515 1109 593 1132 non
623 1109 723 1141 quae
750 1096 995 1141 relinqueret
1024 1102 1205 1133 naturam
1235 1098 1305 1134 sed
1337 1111 1436 1143 quae

274 1157 455 1188 tueretur
466 1164 474 1194 ;
513 1156 552 1187 at
584 1151 650 1186 illa
678 1156 722 1186 ut
749 1151 856 1187 vobis
890 1151 1022 1196 placet
1054 1157 1209 1197 partem
1240 1153 1437 1197 quandam

276 1212 421 1250 tuetur,
442 1206 633 1250 reliquam
663 1205 821 1241 deserit.
882 1206 1015 1251 Atque
1036 1209 1119 1251 ipsa
1138 1207 1307 1244 hominis
1327 1210 1437 1244 insti-

275 1264 376 1297 tutio
408 1264 437 1296 si
472 1260 702 1305 loqueretur
733 1259 807 1295 hoe
837 1260 1001 1305 diceret,
1032 1264 1176 1306 primos
1207 1274 1295 1299 suos
1327 1266 1436 1307 quasi

273 1320 436 1361 coeptus
470 1314 687 1360 appetendi
726 1314 844 1351 fuisse
876 1320 921 1351 ut
959 1328 1000 1351 se
1035 1322 1286 1353 conservaret
1318 1320 1359 1352 in
1390 1330 1436 1353 ea

272 1375 413 1406 natura
433 1373 473 1405 in
495 1382 569 1414 qua
590 1374 698 1405 ortus
720 1374 833 1405 esset.
887 1369 1075 1405 Nondum
1095 1376 1229 1407 autem
1251 1371 1435 1416 explana-

272 1430 358 1461 tum
372 1427 463 1460 satis
478 1429 561 1459 erat
575 1423 670 1468 quid
683 1427 852 1460 maxime
866 1429 1006 1460 natura
1022 1424 1156 1461 vellet.
1190 1425 1436 1471 Explanetur

271 1482 401 1524 igitur.
427 1478 533 1523 Quid
548 1479 665 1523 ergo?
682 1476 810 1514 aliud4
830 1479 1089 1523 intellegetur
1103 1482 1177 1516 nisi
1194 1483 1252 1516 uti
1268 1493 1318 1516 ne
1335 1493 1435 1526 quae

271 1547 358 1579 pars
379 1538 542 1569 naturae
559 1533 820 1577 neglegatur?
862 1533 908 1569 In
930 1546 1005 1578 qua
1027 1537 1057 1570 si
1078 1534 1177 1570 nihil
1199 1539 1259 1571 est
1279 1540 1436 1580 praeter

307 1656 319 1675 ¹
337 1667 421 1698 quae
440 1657 570 1699 <q11i>?
592 1657 693 1688 Reid.

308 1698 321 1717 2
340 1707 422 1729 nos:
446 1700 526 1730 edd.
544 1701 637 1742 conj.
664 1709 713 1731 ea.
761 1701 858 1731 Mdv.
877 1701 997 1732 marks
1015 1711 1054 1732 as
1067 1706 1225 1743 corrupt,
1239 1702 1311 1734 and
1325 1704 1418 1744 conj.

270 1743 409 1772 omnino
420 1742 537 1773 onmia
549 1747 681 1783 praeter
692 1744 827 1774 animos
842 1745 1060 1784 neglegemus.
1108 1745 1265 1786 Perhaps
1278 1746 1420 1776 omnino

266 1787 381 1814 nostra
397 1787 539 1824 corpora
554 1785 775 1825 neglegemus.

310 1826 322 1844 ²³
339 1826 510 1858 uberimus
548 1827 661 1859 Cobet
701 1827 722 1865 (‘
734 1829 932 1860 admodum
976 1830 1212 1870 probabiliter
1226 1829 1233 1841 ’
1277 1829 1392 1872 Mdv.)
1409 1839 1417 1863 :

267 1869 501 1900 aberrabimus
518 1869 629 1905 Mdv„
648 1870 745 1901 MSS.

307 1916 320 1934 4
337 1915 430 1956 Quid
445 1925 518 1956 ergo
530 1917 546 1947 .>
569 1916 668 1947 alind
683 1917 738 1947 ed.
784 1916 878 1956 Quid
893 1925 967 1956 ergo
985 1916 1084 1947 aliud
1100 1916 1198 1948 Mdv.
1216 1920 1285 1949 etc.

626 2046 641 2061 ὃ
655 2035 712 2070 i.e.
730 2049 794 2070 our
810 2049 891 2071 own
909 2046 1049 2072 nature.

377 2085 452 2123 344
