1574 2364
622 136 816 173 CICERO
849 136 922 173 DE
952 137 1172 176 FINIBUS

311 217 493 254 omnibus
514 219 558 253 iis
579 229 674 262 quas
694 221 836 252 natura
851 216 933 262 alit,
950 221 1083 262 auget,
1101 221 1260 262 tuetur;
1280 220 1321 254 in
1337 218 1479 263 quibus

311 280 491 317 videmus
521 293 567 316 ea
597 293 697 325 quae
726 282 948 325 gignuntur
977 293 999 317 e
1029 285 1135 317 terra
1157 280 1283 317 multa
1308 281 1477 326 quodam

311 344 430 380 modo
451 343 604 380 efficere
626 345 708 388 ipsa
724 343 796 379 sibi
817 356 888 389 per
908 356 949 380 se
971 357 1070 388 quae
1092 343 1141 380 ad
1162 343 1375 380 vivendum
1396 357 1478 381 cre-

313 406 583 451 scendumque
612 406 783 451 valeant,
804 411 849 443 ut
869 399 961 443 suol
989 420 1138 452 genere
1166 409 1403 452 perveniant
1429 406 1478 443 ad

312 475 535 506 extremum
552 482 559 513 ;
591 474 634 506 ut
654 472 731 505 iam
752 469 871 505 liceat
886 482 965 506 una
981 469 1333 515 comprehensione
1350 472 1481 506 onmia

312 532 523 578 complecti
538 546 616 568 non
634 532 965 578 dubitantemque
982 532 1113 569 dicere
1127 545 1286 570 omnem
1300 538 1480 569 naturam

312 609 396 633 esse
425 598 678 632 servatricem
702 598 761 632 sui
789 595 909 640 idque
931 595 1077 632 habere
1102 599 1345 641 propositum
1371 598 1480 641 quasi

312 660 431 696 finem
454 664 495 696 et
516 664 753 703 extremum,
776 672 816 695 se
838 663 883 695 ut
904 658 1104 696 custodiat
1131 672 1248 704 quam
1269 661 1309 695 in
1331 662 1480 704 optimo

311 725 368 759 sui
390 725 548 768 generis
569 727 695 765 statu:
717 727 760 758 ut
782 735 944 758 neeesse
966 724 1016 758 sit
1037 724 1213 758 omnium
1233 735 1364 758 rerum
1380 735 1480 767 quae

310 791 450 822 natura
471 788 631 831 vigeant
652 785 821 821 similem
843 798 927 821 esse
950 785 1082 830 finem,
1104 798 1182 821 uon
1205 784 1386 822 eundem.
1420 785 1478 821 Ex

311 862 387 894 quo
408 847 590 893 intellegi
611 847 733 884 debet
754 847 903 884 homini
924 847 965 884 id
986 861 1071 884 esse
1088 850 1128 883 in
1150 848 1261 884 bonis
1282 847 1479 892 ultimum,

310 911 529 948 secundum
556 915 738 947 naturam
766 913 910 955 vivere,
939 911 1045 956 quod
1073 913 1129 947 ita
1156 913 1478 956 interpretemur,

310 978 441 1012 vivere
466 988 515 1011 ex
542 974 713 1010 hominis
740 979 881 1010 natura
909 974 1085 1019 undique
1115 973 1293 1019 perfecta
1317 979 1359 1011 et
1378 974 1475 1011 nihil

311 1041 550 1084 requirente.
597 1037 710 1073 Haec
732 1039 854 1081 igitur
874 1037 986 1073 nobis
1009 1036 1243 1082 explicanda
1262 1042 1379 1081 sunt3
1408 1037 1478 1074 sed

309 1105 340 1139 si
384 1100 605 1145 enodatius,
640 1113 707 1136 vos
758 1103 984 1145 ignoscetis.
1048 1100 1180 1137 Huius
1215 1103 1322 1137 enim
1355 1102 1478 1137 aetati

309 1157 439 1202 nunc2
459 1164 557 1200 haec
585 1166 756 1209 primum
783 1162 949 1200 fortasse
971 1163 1170 1199 audientis
1191 1166 1336 1201 servire
1357 1163 1477 1200 debe-

308 1227 434 1265 mus.''
493 1217 517 1234 “
532 1226 594 1263 Ita
627 1226 822 1271 prorsus,''
856 1229 1042 1272 inquam;
1083 1217 1108 1233 “
1122 1229 1198 1263 etsi
1233 1239 1279 1263 ea
1316 1226 1477 1272 quidem

310 1304 409 1337 quae
439 1289 569 1327 adhuc
599 1289 733 1325 dixisti
764 1292 940 1334 quamvis
972 1289 1023 1326 ad
1055 1294 1231 1326 aetatem
1262 1294 1370 1327 recte
1401 1293 1477 1327 isto

308 1354 426 1392 modo
446 1352 713 1390 dicerentur.''

363 1418 409 1454 X.
440 1407 663 1461 “Exposita
678 1415 839 1460 igitur,'’
856 1417 1000 1461 inquit,
1017 1406 1330 1453 “terminatione
1346 1429 1476 1453 rerum

309 1475 638 1521 expetendarum,
671 1486 740 1510 cur
773 1476 849 1510 ista
882 1486 924 1510 se
956 1486 1018 1510 res
1049 1476 1105 1510 ita
1135 1473 1283 1510 habeat
1317 1479 1362 1510 ut
1393 1474 1474 1511 dixi

309 1536 498 1579 deinceps
525 1531 881 1570 demonstrandum
916 1537 986 1568 est.
1048 1531 1316 1576 Quamobrem
1348 1532 1474 1568 ordia-

308 1606 396 1630 mur
424 1593 473 1629 ab
504 1604 551 1629 eo
581 1591 686 1636 quod
716 1593 887 1637 primum
915 1593 1041 1636 posui,
1064 1590 1170 1636 quod
1198 1590 1306 1627 idem
1334 1603 1472 1636 reapse

308 1655 479 1698 primum
499 1655 573 1695 est,
594 1655 641 1686 ut
660 1649 941 1694 intellegamus
963 1661 1079 1685 omne
1104 1648 1248 1685 animal
1276 1662 1317 1686 se
1344 1651 1470 1695 ipsum

307 1711 484 1755 diligere.
546 1707 664 1754 Quod
685 1721 921 1754 quamquam
942 1707 1232 1744 dubitationem
1252 1720 1331 1744 non
1352 1707 1474 1745 habet

307 1762 387 1814 (est
407 1771 513 1805 enim
529 1767 693 1804 infixum
708 1769 749 1802 in
765 1769 848 1812 ipsa
863 1771 1005 1803 natura
1020 1761 1472 1812 comprehenditurquess

306 1831 384 1865 suis
412 1829 600 1872 cuiusque
627 1825 819 1870 sensibus,
841 1827 895 1861 sic
922 1829 968 1862 ut
998 1829 1135 1861 contra
1163 1827 1193 1862 si
1224 1827 1310 1870 quis
1339 1824 1471 1862 dicere

351 1902 415 1933 'ut
426 1912 488 1934 suo
505 1899 622 1937 Mdv.;
646 1902 681 1931 et
693 1910 754 1930 suo
773 1899 873 1930 MSS.
892 1910 900 1936 ;
927 1899 1053 1930 Miiller
1069 1898 1159 1940 conj.
1180 1901 1221 1929 ut
1235 1898 1274 1929 in
1288 1909 1358 1930 suo.

350 1944 480 1977 ’aetati
498 1954 617 1975 nunc.
634 1966 645 1974 .
664 1942 845 1973 audientis
863 1940 967 1983 (conj.
990 1941 1105 1983 Mdv.)
1130 1942 1276 1979 Mijller;
1302 1941 1416 1973 aetati
1436 1944 1472 1974 et

308 1988 392 2020 hnic
405 1998 501 2018 nunc
515 2010 523 2018 .
543 2009 551 2018 .
570 1985 736 2017 audienti
750 1984 865 2023 MSS„
880 1985 974 2015 Mdv.

351 2032 363 2051 ³
374 2030 738 2071 comprehenditurque
753 2027 850 2065 edd.;
874 2027 1175 2068 comprehenditur
1188 2027 1290 2059 MSS.

413 2088 490 2121 420
