1574 2364
182 1178 225 1215 61

578 152 773 188 CICERO
806 151 879 188 DE
911 152 1131 190 FINIBUS

270 236 390 269 vitam
418 237 553 268 autem
585 232 741 268 beatam
774 231 831 267 illi
857 245 944 268 eam
971 245 1070 277 quae
1093 236 1293 269 constaret
1319 245 1367 269 ex
1391 235 1435 270 iis

269 297 386 333 rebus
415 309 509 341 quas
537 295 632 340 dixi,
653 300 723 331 aut
750 295 928 340 plurimis
958 301 1028 331 aut
1057 298 1309 340 gravissimis,
1332 296 1435 333 Zeno

268 364 402 395 autem
433 358 538 403 quod
566 371 688 402 suam,
716 358 821 403 quod
853 351 1071 405 propriam1
1093 361 1266 404 speciem
1293 358 1436 396 habeat

268 435 337 458 cur
357 420 631 466 appetendum
659 422 723 465 sit,
744 420 784 456 id
812 420 938 456 solum
965 421 1114 457 bonum
1134 420 1323 466 appellat,
1345 422 1435 458 bea-

267 490 346 521 tam
389 489 523 520 autem
565 486 685 519 vitam
726 496 812 519 eam
857 483 978 519 solam
1017 496 1117 529 quae
1162 497 1251 520 cum
1290 486 1435 522 virtute

267 548 447 592 degatur.

322 610 452 646 XXII.
492 600 565 646 “Si
600 609 650 646 de
683 623 724 647 re
757 609 969 656 disceptari
1001 616 1172 656 oportet,
1205 611 1314 647 nulla
1340 611 1434 647 mihi

267 679 414 717 tecum,
437 673 546 717 Cato,
568 677 701 718 potest
722 685 807 710 esse
828 673 1040 717 dissensi03
1061 673 1160 709 nihil
1182 679 1242 710 est
1263 677 1370 710 enim
1386 674 1434 711 de

266 750 344 782 quo
372 736 488 772 aliter
518 741 561 772 tu
592 738 739 772 sentias
769 741 889 781 atque
920 749 1008 781 ego,
1037 736 1155 772 modo
1185 739 1433 773 commutatis

267 801 395 836 verbis
420 803 522 845 ipsas
543 812 604 836 res
625 798 884 836 conferamus.
945 799 1030 836 Nec
1051 799 1125 836 hoc
1147 799 1213 836 ille
1235 813 1315 836 non
1335 800 1432 837 vidit
1450 788 1459 794 “

266 863 335 900 sed
357 863 565 899 verborum
590 862 886 907 magnificentia
907 867 968 898 est
985 867 1026 899 et
1046 862 1171 907 gloria
1192 862 1435 900 delectatus-

265 930 331 972 qui
359 929 390 963 si
415 939 460 962 ea
485 939 584 971 quae
610 925 708 961 dicit
728 928 783 961 ita
804 928 973 962 sentiret
993 930 1038 962 ut
1059 926 1177 962 verba
1198 926 1432 972 significant,

264 989 358 1035 quid
393 992 498 1026 inter
533 1002 624 1025 eum
660 993 701 1025 et
735 988 797 1025 vel
832 988 1077 1034 Pyrrhonem
1110 989 1171 1026 vel
1205 989 1431 1026 Aristonem

263 1052 500 1089 interesset?
532 1052 601 1088 Sin
618 1057 753 1088 autem
767 1064 833 1088 eos
847 1065 926 1088 non
940 1052 1144 1097 probabat,
1159 1052 1254 1098 quid
1269 1055 1432 1089 attinuit

263 1129 352 1151 cum
380 1118 425 1151 iis
453 1115 687 1160 quibuscum
714 1127 755 1150 re
777 1115 1014 1151 concinebat
1035 1115 1163 1151 verbis
1184 1115 1430 1161 discrepare?

264 1178 371 1223 Quid
387 1181 417 1214 si
434 1180 670 1214 reviviscant
689 1177 862 1213 Platonis
876 1177 932 1213 illi
949 1182 990 1214 et
1006 1177 1193 1224 deinceps
1215 1181 1281 1224 qui
1297 1191 1430 1216 eorum

262 1241 460 1277 auditores
481 1241 643 1277 fuerunt
664 1246 706 1277 et
726 1246 859 1277 tecum
880 1244 934 1277 ita
955 1241 1190 1286 loquantur?
1225 1233 1327 1279 ‘Nos
1343 1256 1429 1278 cum

262 1310 315 1348 te,
334 1304 387 1340 M.
407 1304 517 1349 Cato,
534 1303 861 1340 studiosissimum
877 1303 1161 1350 philosophiae,
1175 1307 1428 1342 iustissimum

262 1369 401 1411 virum,
440 1368 634 1412 optimum
674 1366 859 1411 iudicem,
898 1365 1234 1412 religiosissimum
1269 1373 1428 1415 testem,

260 1430 497 1474 audiremus,
536 1429 719 1465 admirati
759 1443 891 1466 sumus
931 1428 1026 1475 quid
1065 1436 1171 1467 esset
1210 1445 1278 1468 cur
1316 1433 1428 1468 nobis

261 1493 412 1530 Stoicos
438 1492 671 1537 anteferres,
693 1495 759 1537 qui
785 1492 834 1528 de
860 1493 976 1529 rebus
1002 1493 1113 1529 bonis
1139 1498 1181 1530 et
1205 1494 1317 1531 malis
1338 1507 1427 1531 sen-

261 1559 384 1592 tirent
413 1569 459 1592 ea
485 1568 585 1600 quae
613 1556 662 1591 ab
690 1555 764 1591 hoc
794 1555 1006 1593 Polemone
1037 1556 1142 1593 Zeno
1173 1563 1422 1602 cognoverat,

260 1619 484 1655 nominibus
506 1623 716 1655 uterentur
736 1621 781 1655 iis
802 1632 902 1663 quae
924 1622 1050 1664 prima
1070 1623 1200 1665 specie
1221 1620 1422 1657 admirati-

259 1695 389 1727 onem,
418 1695 459 1718 re
487 1682 683 1727 explicata
711 1685 830 1718 risum
858 1688 1075 1719 moverent.
1135 1683 1193 1720 Tu
1222 1689 1370 1729 autem,
1391 1687 1420 1721 si

258 1745 330 1780 tibi
362 1743 428 1779 illa
464 1744 744 1789 probabantur,
777 1757 845 1780 cur
876 1758 955 1781 non
990 1748 1155 1791 propriis
1191 1746 1319 1783 verbis
1354 1746 1420 1782 illa

256 1806 451 1842 tenebas?
493 1808 552 1841 sin
592 1811 633 1842 te
671 1809 885 1843 auctoritas
924 1808 1212 1852 commovebat,
1252 1808 1417 1845 nobisne

254 1868 435 1904 omnibus
456 1872 497 1903 et
520 1867 673 1903 Platoni
695 1870 769 1913 ipsi
785 1871 917 1905 nescio
938 1882 1056 1914 quem
1073 1869 1184 1906 illum
1200 1875 1419 1916 antepone-

255 1930 349 1966 bas?
384 1932 616 1974 praesertim
651 1942 740 1966 cum
774 1932 814 1965 in
850 1943 891 1967 re
923 1931 1081 1975 publica
1114 1934 1297 1977 princeps
1333 1945 1418 1969 esse

300 2043 307 2062 ⁸
321 2044 598 2085 quodpropriam
610 2043 660 2075 br.
678 2043 810 2080 Baiter;
825 2043 920 2076 Mdv.
931 2043 1020 2086 conj.
1037 2046 1414 2088 quendampropriam.

361 2093 437 2130 366
