1574 2364
180 380 218 410 ll

182 1022 225 1052 12

553 121 747 158 CICERO
779 121 853 157 DE
883 121 1102 160 FINIBUS

253 206 388 238 tamen
409 206 469 238 est
489 201 569 238 dux
590 203 733 236 certior
753 214 870 246 quam
891 206 1041 238 natura.
1093 202 1214 239 Aliud
1235 208 1296 240 est
1313 206 1418 240 enim

255 265 461 305 poetarum
487 272 594 295 more
624 259 743 294 verba
770 258 952 304 fundere,
971 259 1079 297 aliud
1109 273 1154 296 ea
1185 274 1283 305 quae
1314 261 1420 298 dicas

254 321 405 353 ratione
427 322 467 353 et
488 322 572 353 arte
593 317 848 361 distinguere.

312 375 355 411 V.
390 367 572 412 “Similia
593 375 670 411 dici
690 380 855 420 possunt
876 375 926 411 de
954 376 1218 421 explicatione
1239 382 1420 423 naturae,

256 447 331 479 qua
363 439 404 470 et
433 425 498 469 hil
529 438 697 469 utuntur
727 438 769 470 et
799 436 932 477 vestri,
960 447 1090 479 neque
1125 449 1214 471 vero
1245 436 1295 472 ob
1327 436 1422 472 duas

256 492 373 528 modo
403 504 549 536 causas,
570 491 767 536 quomodo
797 492 967 537 Epicuro
988 493 1157 538 videtur,
1178 499 1223 530 ut
1249 494 1421 539 pellatur

257 554 393 586 mortis
427 555 469 586 et
503 550 704 595 religionis
737 555 890 593 metus;
932 551 1001 587 sed
1033 554 1153 587 etiam
1184 552 1419 588 modestiam

257 608 453 653 quandam
488 611 662 653 cognitio
696 621 827 644 rerum
865 609 1095 645 caelestium
1129 609 1243 646 affert
1275 614 1321 646 iis
1352 614 1418 656 qui

257 667 419 703 videant
439 672 587 712 quanta
607 669 657 703 sit
678 670 798 703 etiam
813 667 917 712 apud
939 667 1033 704 deos
1049 668 1280 713 moderatio,
1295 682 1419 714 quan-

258 731 321 762 tus
349 725 456 769 ordo,
485 730 526 761 et
553 725 871 769 magnitudinem
898 728 1018 761 animi
1045 726 1209 762 deorum
1237 740 1354 772 opera
1379 733 1420 764 et

258 784 362 820 facta
400 784 668 827 cernentibus,
702 786 892 819 iustitiam
929 786 1062 828 etiam,
1094 797 1184 820 cum
1217 788 1420 829 cognitum

258 842 402 878 habeas
434 841 539 886 quod
566 844 617 878 sit
644 844 785 877 summi
815 844 978 878 rectoris
1005 855 1049 878 ac
1080 842 1229 878 domini
1258 856 1419 888 numen,

257 901 362 945 quod
393 900 612 944 consilium,
647 912 747 944 quae
781 899 982 943 voluntas;
1016 903 1125 936 cuius
1155 901 1205 937 ad
1239 906 1419 938 naturam

257 964 348 1004 apta
364 961 462 994 ratio
479 971 568 994 vera
584 958 649 993 illa
667 963 706 993 et
720 971 871 993 summa
887 958 950 994 lex
966 971 988 993 a
1003 958 1246 1003 philosophis
1262 959 1415 996 dicitur.

258 1017 367 1053 Inest
383 1019 422 1052 in
439 1016 579 1052 eadem
595 1016 858 1060 explicatione
874 1021 1037 1052 naturae
1053 1017 1283 1053 insatiabilis
1299 1031 1416 1062 quae-

255 1075 345 1111 dam
380 1087 400 1110 e
436 1074 719 1119 cognoscendis
757 1074 873 1110 rebus
908 1074 1100 1119 voluptas,
1132 1078 1172 1110 in
1211 1088 1286 1120 qua
1325 1089 1414 1120 una,

255 1133 446 1170 confectis
466 1133 582 1168 rebus
603 1135 843 1175 necessariis,
866 1135 975 1168 vacui
991 1135 1162 1177 negotiis
1182 1132 1351 1169 honeste
1371 1147 1415 1169 ac

252 1191 468 1228 liberaliter
487 1193 678 1236 possimus
698 1193 840 1227 vivere.
887 1191 992 1235 Ergo
1007 1194 1046 1226 in
1069 1191 1140 1227 hac
1161 1195 1312 1228 ratione
1333 1197 1418 1228 tota

255 1250 305 1286 de
325 1252 504 1285 maximis
525 1248 607 1285 fere
629 1249 745 1284 rebus
767 1249 888 1285 Stoici
908 1249 994 1285 illos
1023 1252 1148 1285 secuti
1177 1255 1282 1294 sunt,
1303 1255 1348 1286 ut
1377 1255 1419 1286 et

254 1309 348 1345 deos
370 1320 453 1344 esse
471 1312 511 1344 et
533 1312 719 1351 quattuor
740 1320 785 1342 ex
815 1308 931 1343 rebus
958 1311 1088 1343 onmia
1109 1313 1288 1344 constare
1311 1308 1418 1344 dice-

254 1371 354 1403 rent.
419 1366 517 1401 Cum
532 1370 667 1401 autem
680 1370 936 1410 quaereretur
949 1378 1010 1401 res
1025 1365 1238 1402 admodum
1254 1366 1420 1402 difficilis

254 1438 349 1460 num
376 1427 514 1469 quinta
545 1423 739 1468 quaedam
764 1428 904 1459 natura
930 1423 1131 1460 videretur
1155 1437 1239 1461 esse
1267 1437 1313 1460 ex
1343 1437 1418 1469 qua

252 1486 351 1519 ratio
372 1487 413 1518 et
433 1481 711 1525 intellegentia
731 1484 910 1525 oriretur,
925 1484 965 1517 in
982 1494 1058 1526 quo
1074 1485 1194 1518 etiam
1211 1482 1260 1518 de
1276 1485 1415 1519 animis

252 1545 360 1578 cuius
380 1543 538 1585 generis
558 1545 692 1575 essent
712 1545 982 1584 quaereretur,
1003 1539 1109 1575 Zeno
1133 1539 1174 1576 id
1200 1540 1301 1576 dixit
1328 1553 1413 1576 esse

250 1603 409 1644 ignem;
443 1597 634 1633 nonnulla
665 1597 810 1633 deinde
842 1597 971 1642 aliter,
1002 1597 1072 1634 sed
1107 1610 1153 1633 ea
1183 1610 1331 1643 pauca3
1365 1598 1414 1634 de

249 1660 418 1693 maxima
444 1661 578 1692 autem
604 1668 646 1691 re
667 1655 808 1691 eodem
836 1655 966 1699 modo,
987 1655 1119 1691 divina
1138 1661 1275 1691 mente
1297 1661 1416 1701 atque

446 1733 457 1752 ¹
472 1746 541 1776 qua
558 1738 593 1765 et
606 1735 647 1765 ln·
664 1734 774 1770 Mdv.;
793 1745 858 1775 que
873 1734 940 1771 hic,
959 1745 1028 1775 qua
1046 1735 1104 1766 hic
1120 1734 1220 1765 MSS.

290 1835 485 1867 aAristotle
503 1835 614 1874 spoke
630 1834 670 1865 of
682 1845 703 1864 a
721 1834 796 1864 fifth
819 1838 893 1865 sort
917 1832 956 1864 of
976 1838 1115 1872 matter,
1137 1836 1146 1851 ⁴
1159 1834 1254 1876 body
1271 1836 1416 1876 moving

248 1880 281 1910 in
298 1891 320 1911 a
333 1879 447 1914 circle,
465 1878 647 1913 aetherial,
667 1876 905 1917 unchanged,’
922 1878 1034 1908 which
1059 1888 1135 1908 was
1158 1879 1216 1908 the
1240 1879 1353 1918 origin
1378 1879 1418 1909 of

250 1925 308 1954 the
324 1922 495 1961 heavenly
512 1920 658 1956 bodies;
683 1920 743 1950 but
768 1921 809 1950 he
834 1921 998 1951 nowhere
1023 1926 1135 1951 states
1159 1922 1237 1950 that
1263 1921 1358 1952 mind
1382 1922 1410 1952 is

250 1964 439 2005 composed
455 1964 495 1994 of
507 1964 586 2000 this,
606 1963 668 1995 but
683 1973 727 1994 on
744 1964 803 1995 the
819 1967 985 2004 contrary
999 1965 1136 2005 always
1149 1965 1300 2005 regards
1314 1965 1408 1996 mind

244 2020 285 2041 as
302 2007 533 2047 incorporeal.

350 2062 427 2094 312
