1574 2364
216 383 266 422 93

221 1587 271 1626 94«

602 158 797 196 CICERO
828 157 903 195 DE
934 158 1152 197 FINIBUS

295 243 498 275 metuetur
510 250 666 283 semper
679 240 834 275 etiamsi
848 251 929 274 non
943 238 1092 283 aderit3
1112 242 1190 275 iam
1204 241 1310 276 enim
1322 239 1460 277 adesse

295 312 452 355 poterit.
472 308 550 354 Qui
568 313 700 354 potest
716 311 838 354 igitur
850 308 1029 346 habitare
1043 312 1083 345 in
1097 311 1213 346 beata
1226 313 1306 347 vita
1319 313 1460 347 summi

296 380 388 416 mali
409 381 563 416 metus?
614 379 812 425 Traditur,
833 382 975 425 inquit,
996 381 1045 417 ab
1070 381 1239 427 Epicuro
1265 384 1365 418 ratio
1391 394 1460 418 ne-

298 451 489 496 glegendi
505 450 660 487 doloris.
709 450 792 486 Iam
807 451 848 487 id
864 453 990 496 ipsum
1008 451 1233 497 absurdum,
1249 455 1463 489 maximum

298 521 444 557 malum
478 521 650 566 neglegi.
712 521 790 558 Sed
823 534 923 566 quae
954 521 1118 558 tandem
1148 525 1223 558 ista
1249 525 1348 558 ratio
1379 523 1464 559 est?

300 584 518 628 ‘Maximus
540 592 676 637 dolor]
700 595 842 637 inquit,
865 584 1013 628 ‘brevis
1035 593 1120 629 ests
1176 592 1348 629 Primum
1369 593 1464 638 quid

297 669 341 700 tu
374 663 471 700 dieis
504 664 645 699 breve?
685 663 831 699 deinde
866 663 1042 699 dolorem
1074 677 1193 709 quem
1225 666 1464 701 maximum?

299 734 404 780 Quid
428 735 558 770 enim?
612 734 796 771 Summus
817 734 928 770 dolor
947 734 1079 780 plures
1100 735 1184 771 dies
1204 748 1365 772 manere
1385 749 1464 772 non

300 806 457 851 potest?
511 805 612 841 Vide
644 818 694 841 ne
731 808 851 841 etiam
884 806 1058 841 menses!
1119 806 1204 842 Nisi
1239 806 1341 842 forte
1373 820 1464 843 eum

299 876 396 912 dicis
417 879 483 921 qui
505 876 620 912 simul
641 881 761 921 atque
783 879 948 921 arripuit
968 876 1166 913 interficit.
1228 876 1326 922 Quis
1347 880 1466 914 istum

298 947 475 984 dolorem
495 947 637 984 timet?
696 946 813 983 Illum
833 946 994 982 mallem
1014 947 1164 983 levares
1181 961 1257 992 quo
1273 951 1467 993 optimum

297 1023 417 1063 atque
445 1018 772 1054 humanissimum
803 1020 942 1062 virum,
975 1018 1043 1053 Cn.
1068 1018 1292 1063 Octavium,
1328 1019 1381 1055 M.
1410 1019 1468 1064 F.,

298 1089 529 1125 familiarem
551 1102 697 1134 meum,
715 1088 852 1124 confici
869 1089 960 1133 vidi,
977 1101 1051 1124 nec
1068 1102 1159 1125 vero
1180 1089 1302 1126 semel
1322 1102 1397 1126 nec
1416 1089 1466 1127 ad

300 1161 418 1196 breve
439 1165 597 1205 tempus
619 1159 689 1195 sed
711 1164 752 1195 et
772 1172 889 1205 saepe
911 1164 952 1195 et
976 1159 1093 1205 plane
1117 1159 1195 1196 diu.
1256 1160 1364 1206 Quos
1384 1161 1464 1206 ille,

300 1231 340 1267 di
368 1230 628 1267 immortales!
663 1244 753 1266 cum
774 1243 910 1266 omnes
937 1236 1044 1266 artus
1064 1230 1203 1267 ardere
1224 1231 1466 1277 viderentur,

301 1304 496 1337 cruciatus
528 1300 774 1345 perferebat!
835 1300 919 1336 Nec
947 1305 1082 1336 tamen
1110 1303 1228 1336 miser
1255 1313 1352 1345 esse,
1378 1304 1469 1346 quia

300 1384 495 1408 summum
516 1370 555 1406 id
576 1369 722 1405 malum
744 1382 823 1405 non
845 1375 942 1414 erat,
959 1370 1235 1406 tantummodo
1255 1370 1468 1408 laboriosus

301 1441 518 1477 videbatur.
558 1440 613 1476 At
634 1442 763 1483 miser,
785 1441 816 1475 si
837 1442 877 1475 in
893 1438 1084 1483 flagitiosa
1097 1445 1216 1484 atque
1234 1443 1371 1477 vitiosa
1388 1443 1467 1478 vita

301 1512 477 1547 afflueret
497 1510 775 1555 voluptatibus.

353 1581 500 1617 XXIX.
534 1571 686 1625 “Quod
712 1585 846 1616 autem
873 1592 1061 1625 magnum
1087 1579 1264 1617 dolorem
1290 1581 1464 1627 brevem,

301 1649 561 1692 longinquum
577 1647 705 1682 levem
722 1659 806 1682 esse
823 1645 966 1690 dicitis,
980 1645 1020 1682 id
1040 1658 1121 1682 non
1141 1647 1333 1693 intellego
1349 1649 1465 1694 quale

302 1718 362 1751 sit.
411 1713 536 1749 Video
558 1715 663 1749 enim
685 1717 726 1748 et
746 1725 909 1757 magnos
931 1717 972 1748 et
997 1712 1157 1749 eosdem
1178 1713 1280 1750 bene
1309 1714 1465 1759 longin-

301 1793 397 1825 quos
429 1779 602 1822 dolores;
634 1791 800 1823 quorum
826 1777 901 1814 alia
927 1778 1111 1814 toleratio
1143 1783 1204 1815 est
1230 1782 1368 1825 verior,
1391 1793 1467 1826 qua

301 1850 359 1883 uti
391 1858 457 1882 vos
487 1858 567 1881 non
598 1847 765 1890 potestis
795 1847 861 1889 qui
893 1844 1145 1881 honestatem
1177 1847 1300 1890 ipsam
1326 1859 1397 1892 per
1423 1860 1465 1884 se

299 1926 379 1950 non
409 1914 558 1950 amatis.
620 1910 878 1946 Fortitudinis
906 1909 1100 1955 quaedam
1131 1917 1342 1957 praecepta
1373 1918 1466 1949 sunt

298 1993 343 2017 ac
376 1991 503 2024 paene
541 1977 665 2022 leges,
696 1989 796 2022 quae
837 1976 1051 2012 effeminari
1091 1980 1213 2014 virum
1254 1983 1392 2015 vetant
1422 1982 1464 2016 in

298 2046 443 2083 dolore.
503 2043 769 2088 Quamobrem
794 2047 910 2088 turpe
937 2042 1158 2087 putandum
1180 2048 1252 2088 est,
1274 2056 1353 2080 non
1374 2044 1462 2082 dico

410 2104 422 2135 l
436 2103 484 2135 84
