1574 2364
171 602 213 633 15

543 136 738 174 CICERO
769 135 843 172 DE
872 134 1092 172 FINIBUS

243 221 341 258 Cum
369 222 476 256 enim
503 219 736 262 superiores,
758 228 780 251 e
808 215 949 260 quibus
976 215 1205 260 planissime
1234 214 1407 259 Polemo,

244 282 463 320 secundum
510 285 692 316 naturam
731 281 863 314 vivere
902 291 1099 314 summum
1136 277 1285 314 bonum
1324 290 1409 314 esse

244 346 450 388 dixissent,
479 343 540 379 his
575 342 704 378 verbis
739 344 814 376 tria
849 341 1060 385 significari
1096 340 1220 377 Stoici
1255 340 1408 384 dicunt,

244 421 365 445 unum
387 405 592 448 eiusmodi,
614 406 746 440 vivere
767 403 1028 440 adhibentem
1049 406 1256 439 scientiam
1277 416 1408 439 earum

244 483 375 507 rerum
396 481 496 513 quae
521 472 661 503 natura
689 468 921 508 evenirent3
951 465 1058 501 hunc
1084 468 1213 510 ipsum
1240 465 1409 501 Zenonis

243 537 355 569 aiunt
375 544 460 568 esse
481 530 613 573 finem,
635 528 906 565 declarantem
926 527 1026 564 illud
1042 527 1147 572 quod
1163 541 1185 563 a
1201 532 1242 564 te
1259 527 1410 564 dictum

247 601 319 640 est,
351 595 637 630 convenienter
666 596 831 627 naturae
862 593 1004 627 vivere.
1046 590 1232 626 Alterum
1265 590 1411 635 signifi-

245 661 323 695 cari
354 657 461 693 idem
494 660 540 692 ut
570 657 601 691 si
633 654 833 690 diceretur
865 653 987 689 officia
1019 653 1151 689 media
1182 655 1313 688 omnia
1343 657 1413 688 aut

243 722 433 767 pleraque
454 722 680 755 servantem
702 719 844 752 vivere.
906 716 996 751 Hoc
1017 718 1071 751 sic
1092 718 1315 760 expositum
1335 715 1412 751 dis-

245 784 371 821 simile
403 787 464 819 est
493 783 707 826 superiori3
747 779 846 815 illud
878 782 985 815 enim
1014 783 1169 815 rectum
1199 784 1260 815 est
1288 771 1412 823 (quod

247 846 467 891 κατόρθωμα
494 835 670 886 dicebas)
698 845 976 886 contingitque
1008 844 1179 887 sapienti
1213 841 1304 884 soli;
1339 841 1413 877 hoc

245 915 379 946 autem
395 907 569 943 inchoati
587 905 790 942 cuiusdam
807 905 905 940 offici
923 909 996 948 est,
1013 917 1092 940 non
1109 903 1290 950 perfecti,
1309 904 1413 949 quod

246 972 385 1008 cadere
425 973 466 1006 in
504 968 716 1005 nonnullos
755 970 990 1012 insipientes
1030 972 1173 1012 potest.
1233 966 1413 1003 Tertium

245 1041 391 1078 autem,
414 1032 596 1069 omnibus
623 1035 693 1066 aut
717 1033 899 1066 maximis
927 1030 1045 1066 rebus
1072 1032 1118 1066 iis
1145 1042 1246 1074 quae
1273 1042 1414 1065 secun-

246 1099 341 1135 dum
371 1102 552 1132 naturam
583 1098 663 1131 sint
692 1093 894 1129 fruentem
918 1095 1062 1129 vivere.
1124 1093 1213 1128 Hoc
1243 1106 1323 1128 non
1353 1097 1414 1129 est

247 1164 418 1207 positum
439 1162 479 1194 in
500 1162 634 1194 nostra
655 1159 832 1198 actione3
863 1155 1086 1200 completur
1106 1158 1213 1192 enim
1234 1160 1275 1191 et
1296 1168 1344 1191 ex
1366 1169 1412 1192 eo

1030 1211 1039 1234 ¹
1071 1223 1113 1254 et
1143 1231 1191 1254 ex
1221 1221 1266 1254 iis
1295 1219 1412 1255 rebus

248 1299 347 1331 quae
370 1289 462 1321 sunt
483 1282 703 1319 secundum
724 1286 906 1317 naturam
932 1293 1064 1325 neque
1091 1285 1185 1317 sunt
1211 1283 1251 1316 in
1279 1286 1411 1317 nostra

249 1352 459 1394 potestate.
520 1345 599 1382 Sed
634 1344 708 1380 hoc
744 1357 941 1379 summum
975 1343 1122 1379 bonum
1157 1343 1262 1388 quod
1294 1347 1412 1380 tertia

249 1410 537 1456 significatione
556 1407 818 1451 intellegitur,
836 1418 961 1451 eaque
978 1408 1058 1442 vita
1074 1418 1173 1450 quae
1191 1418 1239 1442 ex
1259 1419 1412 1443 summo

250 1476 352 1509 bono
373 1473 545 1517 degitur,
564 1473 654 1515 quia
675 1472 885 1505 coniuncta
906 1471 942 1504 ei
963 1471 1085 1504 virtus
1106 1473 1179 1513 est,
1197 1471 1237 1504 in
1258 1472 1411 1514 sapien-

252 1543 333 1573 tem
363 1535 488 1572 solum
520 1533 638 1577 cadit,
669 1535 779 1577 isque
810 1531 897 1567 finis
926 1532 1131 1575 bonorum,
1162 1536 1208 1567 ut
1236 1531 1285 1567 ab
1320 1534 1412 1577 ipsis

251 1600 391 1637 Stoicis
431 1600 620 1642 scriptum
660 1595 852 1639 videmus,
886 1607 908 1629 a
947 1594 1171 1630 Xenocrate
1205 1598 1325 1639 atque
1364 1595 1413 1630 ab

251 1660 468 1697 Aristotele
489 1661 729 1695 constitutus
751 1662 822 1693 est.
885 1656 1024 1701 Itaque
1045 1657 1095 1692 ab
1115 1659 1160 1692 iis
1182 1660 1412 1693 constitutio

250 1725 315 1760 illa
345 1726 470 1768 prima
500 1727 664 1757 naturae
697 1734 718 1755 a
750 1733 826 1765 qua
856 1724 901 1756 tu
932 1732 1088 1765 quoque
1119 1719 1323 1755 ordiebare
1354 1719 1413 1756 his

247 1236 394 1269 genere
425 1224 530 1257 vitae
561 1219 665 1265 quod
698 1221 844 1255 virtute
875 1218 1019 1254 fruitur

250 1799 371 1832 prope
392 1785 520 1821 verbis
542 1786 762 1828 exponitur.

459 1879 637 1920 lfruilur:
662 1879 803 1909 inferior
821 1879 922 1910 MSS.
943 1879 1032 1909 have
1047 1879 1187 1918 finitur.

639 2020 747 2061 -an.
771 2019 837 2057 111,
855 2029 905 2060 59,

361 2072 438 2110 316
