1574 2364
262 542 303 575 51

260 1267 310 1301 52

261 1980 310 2014 53

648 155 845 194 CICERO
875 156 949 193 DE
980 157 1199 195 FINIBUS

345 236 476 282 Atque
506 235 581 273 hoc
608 235 697 273 loco
725 238 792 281 qui
820 240 984 282 propter
1020 239 1141 274 animi
1170 236 1396 283 voluptates
1433 237 1508 275 coli

343 312 481 348 dicunt
509 324 555 348 ea
582 310 712 348 studia
736 323 835 356 quae
863 310 958 356 dixi,
983 324 1063 348 non
1090 312 1337 358 intellegunt
1363 312 1509 349 idcirco

342 399 427 424 esse
459 399 505 423 ea
534 390 697 432 propter
725 399 767 422 se
798 386 1026 431 expetenda
1057 386 1162 431 quod
1194 387 1303 424 nulla
1333 387 1508 424 utilitate

341 463 497 499 obiecta
518 461 774 498 delectentur
792 463 912 497 animi
933 466 1053 506 atque
1070 464 1154 507 ipsa
1172 464 1338 499 scientia
1355 465 1509 499 etiamsi

341 536 681 575 incommodatura
707 538 759 573 sit
785 535 997 581 gaudeant.
1059 536 1138 573 Sed
1166 536 1260 581 quid
1285 540 1434 574 attinet
1459 537 1510 574 de

340 614 456 651 rebus
478 618 559 649 tam
580 613 726 657 apert-is
747 611 859 657 plura
876 612 1105 656 requirere?
1164 611 1245 658 Ipsi
1266 614 1372 649 enim
1389 625 1507 658 quae-

341 701 470 725 ramus
490 701 511 723 a
536 687 648 723 nobis
675 686 880 723 stellarum
908 691 1038 723 motus
1066 686 1507 733 contemplationesque

339 773 470 797 rerum
500 758 732 795 caelestium
762 770 976 803 eorumque
1007 760 1183 794 omnium
1214 772 1314 804 quae
1342 764 1507 796 naturae

339 832 579 868 obscuritate
614 828 863 865 occultantur
895 831 1142 874 cognitiones
1173 829 1507 874 quemadmodum

342 916 409 939 nos
429 906 627 945 moveant,
645 905 686 936 et
707 899 802 945 quid
823 899 984 936 historia
1001 900 1178 937 delectet
1199 914 1316 946 quam
1337 901 1506 938 solemus

342 975 523 1021 persequi
551 984 675 1017 usque
706 971 755 1007 ad
789 976 1025 1017 extremum,
1055 975 1334 1017 praetermissa
1360 976 1506 1019 repeti-

338 1059 439 1091 mus,
460 1043 645 1081 inchoata
665 1045 950 1089 persequimur.
1011 1043 1096 1080 Nec
1123 1057 1216 1081 vero
1244 1058 1330 1081 sum
1350 1048 1506 1082 nescius

340 1130 425 1154 esse
454 1115 670 1152 utilitatem
701 1116 742 1149 in
772 1113 948 1159 historia,
979 1127 1059 1150 non
1093 1114 1212 1151 modo
1246 1115 1503 1161 voluptatem.

340 1187 447 1235 Quid
475 1200 564 1223 cum
591 1185 700 1222 fictas
727 1184 879 1221 fabulas
907 1198 928 1222 e
956 1186 1097 1230 quibus
1117 1186 1268 1223 utilitas
1289 1186 1398 1223 nulla
1419 1187 1507 1224 elici

339 1264 474 1307 potest
494 1271 584 1295 cum
604 1257 809 1302 voluptate
829 1256 1027 1302 legimus?
1086 1256 1192 1303 Quid
1218 1272 1308 1295 cum
1329 1257 1508 1296 volumus

340 1333 500 1369 nomina
529 1341 666 1366 eorum
696 1330 763 1373 qui
793 1327 889 1373 quid
917 1330 1116 1372 gesserint
1142 1334 1237 1366 nota
1266 1330 1380 1366 nobis
1408 1343 1506 1376 esse,

341 1406 539 1450 parentes,
571 1401 753 1446 patriam,
781 1398 907 1435 multa
938 1404 1145 1445 praeterea
1176 1403 1340 1438 minime
1371 1414 1508 1439 neces-

339 1473 467 1512 saria?
517 1470 625 1517 Quid
645 1469 751 1516 quod
770 1469 951 1507 homines
971 1470 1105 1507 infima
1126 1470 1296 1517 fortuna,
1310 1472 1419 1509 nulla
1439 1486 1508 1519 spe

341 1558 474 1583 rerum
511 1541 790 1588 gerendarum,
829 1541 987 1587 opifices
1033 1541 1207 1588 denique
1255 1542 1508 1580 delectantur

343 1615 532 1654 historia?
561 1615 811 1657 maximeque
828 1624 894 1648 eos
913 1611 1048 1649 videre
1068 1626 1275 1659 possumus
1294 1626 1356 1651 res
1375 1620 1508 1660 gestas

342 1687 478 1726 audire
499 1690 541 1722 et
559 1685 695 1730 legere
717 1683 820 1720 velle
841 1686 907 1729 qui
927 1697 950 1719 a
970 1696 1039 1729 spe
1062 1684 1231 1730 gerendi
1251 1685 1396 1723 absunt
1417 1699 1509 1722 con-

342 1761 437 1797 fecti
466 1760 686 1794 senectute.
746 1753 942 1800 Quocirca
969 1755 1154 1801 intellegi
1184 1769 1348 1793 necesse
1379 1762 1440 1794 est
1469 1760 1508 1793 in

340 1833 436 1877 ipsis
465 1828 582 1865 rebus
612 1838 713 1872 quae
743 1825 951 1862 discuntur
981 1831 1024 1862 et
1052 1832 1347 1872 cognoscuntur
1365 1830 1506 1864 invita-

339 1905 476 1939 menta
487 1902 616 1936 inesse
633 1897 773 1944 quibus
789 1897 840 1932 ad
856 1897 1090 1934 discendum
1106 1898 1506 1944 cognoscendumque

340 1983 577 2012 moveamur.
628 1969 687 2005 Ae
707 1972 863 2005 veteres
883 1968 1045 2013 quidem
1066 1968 1291 2014 philosophi
1310 1972 1352 2006 in
1373 1969 1508 2007 beato-

339 2063 426 2087 rum
446 2046 582 2084 insulis
603 2044 760 2090 fingunt
779 2042 904 2089 qualis
925 2042 1057 2080 futura
1082 2046 1133 2081 sit
1152 2046 1233 2080 vita
1253 2046 1505 2089 sapientium,

449 2105 526 2138 452

1573 2043 1574 2051 η

1572 2055 1574 2069 4
