1615 2359
209 223 259 265 69

597 84 792 122 CICERO
824 84 898 121 DE
928 85 1147 123 FINIBUS

288 160 382 205 lum,
399 172 499 205 quae
521 162 722 205 perspexit
737 162 777 195 in
793 159 867 195 hoc
888 162 971 205 ipso
992 162 1095 196 vitae
1116 163 1241 206 spatio
1257 163 1452 198 amicitiae

291 223 527 269 praesidium
555 235 639 258 esse
667 222 954 258 firmissimum.’
1015 222 1117 259 Sunt
1137 228 1271 260 autem
1291 224 1452 268 quidam

291 286 475 331 Epicurei
494 285 712 322 timidiores
739 284 855 330 paulo
880 289 1016 321 contra
1042 291 1171 322 vestra
1191 289 1364 322 convicia
1384 286 1454 323 sed

291 354 425 385 tamen
447 351 539 384 satis
559 350 677 392 acuti,
699 350 765 393 qui
786 353 974 384 verentur
993 360 1058 393 ne,
1078 351 1109 384 si
1136 351 1348 385 amicitiam
1368 362 1455 394 pro-

292 416 381 456 pter
400 415 574 446 nostram
595 409 840 455 voluptatem
862 410 1128 455 expetendam
1155 416 1352 456 putemus,
1372 416 1457 447 tota

293 476 464 509 amicitia
494 475 603 518 quasi
636 472 855 509 claudicare
887 473 1077 509 videatur.
1139 473 1278 519 Itaque
1310 477 1454 519 primos

293 548 523 580 congressus
544 535 892 580 copulationesque
918 540 959 572 et
987 536 1316 572 consuetudinum
1344 538 1454 572 insti-

292 598 529 635 tuendarum
550 597 773 633 voluntates
798 597 881 634 fieri
905 602 1067 643 propter
1086 598 1343 644 voluptatem,
1365 611 1454 635 cum

293 666 427 698 autem
448 673 539 697 usus
560 660 817 705 progrediens
839 660 1146 697 familiaritatem
1168 661 1355 706 effecerit,
1371 666 1456 697 tum

295 737 468 760 amorem
503 723 742 759 efflorescere
777 728 934 760 tantum
968 728 1025 768 ut,
1067 726 1221 760 etiamsi
1259 724 1367 760 nulla
1406 727 1456 760 sit

295 787 444 824 utilitas
466 800 512 823 ex
534 789 717 831 amicitia,
732 791 867 822 tamen
886 789 959 832 ipsi
979 790 1094 823 amici
1114 792 1276 833 propter
1295 800 1336 824 se
1357 790 1459 833 ipsos

296 855 488 887 amentur.
550 849 710 885 Etenim
738 852 768 885 si
796 849 894 893 loca,
916 852 946 885 si
967 849 1070 894 fana,
1091 852 1121 885 si
1142 851 1271 895 urbes,
1293 853 1323 886 si
1344 863 1456 896 gym-

297 920 416 957 nasia,
437 916 468 949 si
490 925 683 957 campum,
705 915 736 948 si
757 925 886 956 canes,
908 915 940 948 si
960 925 1093 958 equos,
1115 915 1145 949 si
1171 913 1319 949 ludicra
1347 926 1458 949 exer-

300 975 415 1012 cendi
442 980 509 1011 aut
539 974 721 1019 venandi,
753 974 1039 1011 consuetudine
1068 974 1250 1011 adamare
1276 975 1458 1021 solemus,

299 1039 446 1080 quanto
480 1033 520 1069 id
555 1036 595 1069 in
629 1032 834 1068 hominum
869 1033 1155 1069 consuetudine
1190 1033 1341 1070 facilius
1376 1034 1457 1070 fieri

221 1098 270 1133 70
295 1085 461 1139 poterit¹
489 1096 530 1128 et
560 1092 720 1127 iustius?
780 1091 882 1127 Sunt
907 1096 1040 1127 autem
1068 1095 1133 1137 qui
1161 1091 1295 1129 dicant
1321 1092 1458 1128 foedus

201 1682 269 1720 ,71

301 1164 385 1188 esse
406 1150 603 1196 quoddam
624 1152 860 1195 sapientium
881 1154 925 1186 ut
945 1162 995 1185 ne
1019 1153 1148 1187 minus
1173 1154 1317 1187 amicos
1343 1164 1459 1196 quam

302 1223 342 1247 se
368 1213 470 1255 ipsos
491 1208 669 1252 diligant.
731 1207 847 1253 Quod
876 1213 917 1244 et
943 1221 1055 1253 posse
1083 1208 1166 1245 fieri
1190 1209 1461 1254 intellegimus

304 1274 345 1305 et
365 1279 480 1313 saepe
503 1258 686 1303 evenire2
700 1266 890 1310 videmus,
905 1271 945 1302 et
958 1269 1208 1312 perspicuum
1225 1272 1285 1304 est
1300 1267 1398 1303 nihil
1414 1267 1463 1304 ad

303 1325 473 1363 iucunde
482 1324 694 1361 vivendum
704 1327 865 1370 reperiri
875 1337 986 1370 posse
996 1325 1100 1370 quod
1110 1328 1386 1362 coniunctione
1396 1326 1465 1362 tali

304 1389 354 1422 sit
373 1387 513 1430 aptius.

357 1434 544 1488 “Quibus
561 1454 607 1477 ex
625 1442 805 1477 omnibus
821 1441 981 1477 iudicari
998 1446 1129 1487 potest
1149 1455 1228 1478 non
1248 1442 1365 1479 modo
1385 1455 1463 1478 non

306 1501 485 1547 impediri
514 1503 705 1536 rationem
734 1502 928 1536 amicitiae
956 1503 986 1536 si
1018 1512 1214 1536 summum
1244 1501 1391 1537 bonum
1422 1504 1462 1537 in

306 1560 507 1605 voluptate
524 1563 704 1604 ponatur,
722 1558 791 1594 sed
807 1561 890 1594 sine
906 1557 980 1594 hoc
997 1561 1288 1595 institutionem
1304 1562 1463 1595 omnino

304 1620 498 1654 amicitiae
519 1629 596 1652 non
618 1629 730 1661 posse
750 1619 921 1661 reperiri.

359 1675 467 1712 XXI.
501 1666 786 1720 “Quapropter
806 1678 836 1711 si
858 1688 904 1711 ea
927 1688 1027 1720 quae
1052 1675 1133 1711 dixi
1160 1676 1240 1712 sole
1268 1679 1351 1721 ipso
1377 1675 1465 1712 illu-

304 1738 442 1773 striora
477 1739 518 1770 et
552 1733 712 1769 clariora
746 1739 850 1777 sunt,
881 1736 911 1769 si
942 1736 1072 1769 omnia
1102 1727 1264 1770 haustass
1298 1747 1319 1770 e
1354 1734 1465 1771 fonte

303 1799 480 1837 naturae,
515 1795 546 1829 si
585 1796 669 1827 tota
708 1794 831 1828 oratio
869 1797 1002 1828 nostra
1040 1804 1198 1828 omnem
1236 1793 1309 1829 sibi
1347 1793 1463 1829 fidem

349 1864 361 1883 1
385 1863 506 1903 poterit
522 1865 618 1893 most
633 1862 713 1893 edd.
729 1871 735 1897 ;
761 1861 910 1901 ροΐιιρνὶί
926 1862 1023 1892 Mdv.
1041 1861 1130 1892 with
1147 1861 1244 1892 MSS.

351 1906 363 1926 ²
386 1906 518 1938 evenire
534 1905 662 1941 Hal1n;
693 1906 712 1945 †
726 1904 817 1935 enim
834 1904 930 1935 Mdv.
948 1905 1037 1935 with
1050 1904 1136 1934 MSS
1150 1914 1157 1939 ;
1176 1903 1310 1944 factum
1327 1902 1385 1943 (an
1397 1904 1455 1935 old

307 1949 519 1989 correction)
540 1948 656 1979 Clark.

349 1992 361 2010 ³
385 1992 501 2022 omnia
518 1990 592 2021 dixi
609 1990 731 2022 hausta
748 1989 844 2020 MSS.
859 1997 866 2025 ;
893 1988 968 2020 dm·
985 1988 1181 2021 bracketed
1199 1989 1247 2030 by
1266 1988 1363 2020 Mdv.

411 2035 459 2073 72
