1574 2364
212 228 260 268 67

211 1043 257 1083 68

601 150 796 188 CICERO
827 151 901 188 DE
932 152 1150 191 FINIBUS

338 229 445 265 XXI.
480 220 597 265 “Aut
621 229 718 266 haec
739 231 824 275 tibi,
846 230 1057 276 Torquate,
1079 237 1172 268 sunt
1198 234 1456 279 vituperanda

292 298 360 328 aut
374 295 634 337 patrocinium
648 292 860 338 voluptatis
874 294 1172 339 repudiandum.
1197 294 1315 340 Quod
1323 301 1456 332 autem

293 357 554 400 patrocinium
576 360 644 391 aut
665 369 764 400 quae
793 359 867 392 ista
895 370 1008 393 causa
1037 362 1097 394 est
1118 358 1329 403 voluptatis
1357 372 1456 403 quae

283 430 366 454 nec
394 422 518 454 testes
545 417 645 454 ullos
674 431 695 454 e
723 418 836 455 claris
857 421 947 455 viris
970 432 1045 455 nec
1065 420 1289 457 laudatores
1309 424 1454 466 poterit

294 479 515 516 adhibere?
575 480 631 517 Ut
658 483 764 516 enim
792 494 861 517 nos
890 494 938 518 ex
965 482 1166 518 annalium
1190 486 1457 520 monumentis

292 548 417 579 testes
439 545 656 580 excitamus
678 556 743 580 eos
772 557 937 589 quorum
965 548 1091 581 omnis
1118 548 1198 581 vita
1225 551 1457 591 consumpta

292 611 352 642 est
368 608 408 641 in
425 606 622 642 laboribus
637 606 828 651 gloriosis,
846 610 912 652 qui
930 607 1142 653 voluptatis
1159 621 1305 645 nomen
1320 609 1454 645 audire

291 681 370 704 non
403 673 578 714 possent,
607 672 661 704 sic
692 672 733 705 in
766 672 905 706 vestris
935 670 1268 715 disputationibus
1294 671 1457 707 historia

290 736 400 767 muta
417 736 487 767 est.
530 731 755 776 Numquam
772 732 902 768 audivi
919 736 959 768 in
977 733 1135 778 Epicuri
1156 733 1288 770 schola
1309 733 1455 779 Lycur-

291 807 398 838 gum,
435 794 633 838 Solonem,
671 795 907 840 Miltiadem,
942 795 1264 841 Themistoclem,
1300 796 1457 842 Epami-

291 856 464 892 nondam
484 859 690 901 nominari,
709 860 774 902 qui
791 860 831 893 in
852 871 919 894 ore
940 863 1032 894 sunt
1049 864 1270 895 ceterorum
1287 859 1457 905 philoso-

288 919 456 964 phorum
495 922 682 956 omnium.
743 920 859 956 Nunc
893 933 997 965 vero,
1033 924 1217 966 quoniam
1255 921 1353 958 haec
1386 935 1456 958 nos

291 985 410 1018 etiam
433 987 602 1018 tractare
625 985 839 1027 coepimus,
861 983 1133 1028 suppeditabit
1159 985 1271 1020 nobis
1297 985 1455 1021 Atticus

290 1050 425 1080 noster
442 1058 462 1080 e
479 1044 673 1080 thesauris
689 1048 767 1080 suis
783 1058 879 1090 quos
900 1050 941 1081 et
962 1051 1129 1090 quantos
1149 1049 1249 1082 viros
1266 1047 1272 1082 Ι
1309 1047 1453 1083 Nonne

290 1107 430 1143 melius
452 1112 512 1143 est
533 1107 582 1143 de
603 1107 663 1144 his
683 1107 831 1152 aliquid
848 1121 964 1153 quain
981 1111 1102 1145 tantis
1122 1109 1384 1146 voluminibus
1404 1110 1453 1146 de

292 1170 496 1206 Themista
517 1170 652 1215 loqui?
711 1170 799 1207 Sint
825 1173 899 1206 ista
925 1171 1188 1214 Graecorum3
1219 1184 1455 1217 quamquam

293 1234 342 1269 ab
376 1236 421 1268 iis
456 1232 745 1278 philosophiam
781 1238 821 1269 et
848 1246 985 1269 omnes
1011 1236 1203 1278 ingenuas
1233 1234 1457 1280 disciplinas

293 1296 509 1338 habemus;
551 1295 620 1332 sed
655 1301 789 1331 tamen
825 1301 886 1332 est
917 1296 1066 1341 aliquid
1098 1297 1203 1342 quod
1236 1298 1348 1333 nobis
1379 1311 1459 1333 non

295 1359 425 1402 liceat,
447 1358 565 1394 liceat
586 1358 671 1394 illis.
726 1358 910 1403 Pugnant
926 1359 1046 1396 Stoici
1064 1372 1152 1395 cum
1176 1360 1457 1405 Peripateticis.

295 1421 424 1457 Alteri
455 1426 607 1466 negant
637 1421 851 1466 quidquam
884 1434 968 1458 esse
996 1422 1142 1458 bonum
1167 1425 1241 1458 nisi
1266 1423 1371 1467 quod
1391 1423 1460 1459 ho-

295 1489 452 1520 nestum
489 1487 552 1528 sit,
583 1483 697 1519 alteri
728 1484 940 1529 plurimum
971 1497 1011 1520 se
1044 1489 1085 1521 et
1114 1485 1231 1529 longe
1261 1485 1459 1530 longeque

295 1547 507 1593 plurimum
529 1547 703 1582 tribuere
720 1546 933 1591 honestati,
950 1547 1019 1583 sed
1036 1552 1170 1583 tamen
1184 1553 1225 1583 et
1237 1551 1277 1583 in
1298 1561 1458 1594 corpore

295 1615 337 1646 et
358 1614 467 1646 extra
489 1622 573 1645 esse
591 1609 785 1654 quaedam
802 1611 914 1646 bona.
956 1610 1008 1646 Et
1025 1615 1226 1646 certamen
1247 1611 1458 1647 honestum

296 1677 337 1708 et
353 1671 569 1717 disputatio
586 1672 793 1717 splendida
812 1673 817 1708 !
877 1672 1017 1709 Omnis
1035 1678 1094 1709 est
1111 1676 1217 1709 enim
1238 1673 1287 1709 de
1304 1677 1459 1711 virtutis

294 1735 491 1779 dignitate
532 1738 749 1771 contentio.
811 1735 866 1771 At
905 1736 1014 1771 cum1
1034 1738 1111 1772 tuis
1151 1749 1238 1772 cum
1278 1736 1458 1781 disseras,

292 1797 417 1834 multa
438 1802 529 1833 sunt
550 1797 745 1833 audienda
767 1801 887 1834 etiam
907 1798 957 1834 de
979 1799 1156 1834 obscenis
1177 1799 1458 1844 voluptatibus,

292 1860 342 1896 de
363 1860 504 1905 quibus
525 1860 574 1895 ab
596 1859 765 1904 Epicuro
786 1863 1011 1906 saepissime
1033 1861 1186 1897 dicitur.
1237 1861 1327 1897 Non
1343 1867 1456 1906 potes

292 1935 386 1968 ergo
413 1925 487 1959 ista
514 1925 630 1966 tueri,
658 1922 870 1968 Torquate,
898 1923 995 1959 mihi
1023 1924 1153 1968 crede,
1175 1926 1206 1960 si
1233 1929 1274 1960 te
1301 1927 1384 1970 ipse
1413 1929 1455 1961 et

461 1986 473 2006 ¹
491 1991 525 2019 at
542 1989 622 2027 (tu)
641 1996 716 2018 cum
732 1987 877 2019 Martha
897 1987 982 2028 (and
1001 1987 1143 2018 disseris
1159 1987 1243 2028 ed.).

328 2065 343 2080 ὃ
356 2058 498 2088 Atticus
514 2060 626 2089 wrote
642 2057 825 2089 historical
842 2058 914 2088 and
932 2057 1175 2099 biographieal
1192 2057 1437 2089 miscellanies.

399 2101 471 2137 156
