1574 2364
192 554 239 586 10

194 1881 233 1911 11

576 116 771 154 CICERO
803 116 877 153 DE
907 117 1127 154 FINIBUS

271 196 401 233 bcndo
441 195 687 242 voluptas?''
748 186 773 202 “
787 195 885 241 Quis
933 196 1039 233 istud
1087 196 1249 242 possit‚¹’
1290 199 1431 242 inquit,

270 258 293 274 “
303 267 473 312 negare?
486 267 506 278 '’
550 258 787 303 “Eademne
802 280 901 313 quae
915 270 1105 304 restincta
1118 268 1207 304 siti?
1219 267 1240 280 ’'
1273 257 1299 274 “
1309 267 1434 304 Immo

269 338 344 374 alio
392 351 551 383 genere.
641 338 829 374 'restincta
882 340 988 375 enim
1040 340 1124 375 sitis
1176 337 1433 375 stabilitatem

267 409 481 454 voluptatis
512 409 647 454 habet,
681 409 748 444 illa
777 413 911 445 autem
941 408 1122 454 voluptas
1148 411 1267 455 ipsius
1293 411 1436 446 restin-

269 482 409 516 ctionis
438 482 480 516 in
508 485 619 516 motu
648 479 746 516 est.'’
807 469 831 486 ‘⁶
845 479 922 515 Cur
947 479 1106 524 igitur,‘’
1134 482 1309 525 inquam,
1336 470 1360 486 ‘⁶
1373 492 1434 516 res

271 555 351 586 tam
386 550 595 587 dissimiles
628 550 768 587 eodem
800 553 960 586 nomine
989 550 1229 596 appellas?''
1289 541 1434 596 “Quid

271 621 388 666 paulo
409 621 542 666 ante,”
561 624 704 666 inquit,
721 612 745 628 “
758 621 925 657 dixerim
947 634 1079 657 nonne
1100 623 1330 666 meministi,
1346 633 1432 657 cum

269 694 395 728 omnis
416 691 527 728 dolor
547 691 749 728 detractus
771 696 888 736 esset,
905 694 1056 737 variari,
1071 704 1151 728 non
1171 695 1306 736 augeri
1327 692 1435 728 volu-

268 768 421 808 ptatem
437 763 450 798 ?
466 762 486 775 ''
529 753 735 799 “Memini
765 763 894 808 vero,’'
917 765 1102 808 inquam3
1129 753 1236 799 “sed
1262 768 1306 799 tu
1334 766 1434 800 istuc

272 834 372 870 dixti
410 835 514 870 bene
554 833 711 879 Latine,
750 847 888 879 parum
926 834 1053 879 plane.
1116 834 1293 871 Varietas
1332 838 1437 871 enim

272 905 459 941 Latinum
484 905 648 941 verbum
676 910 748 950 est,
770 905 889 950 idque
918 907 1074 950 proprie
1102 905 1263 950 quidem
1291 908 1332 941 in
1359 906 1436 943 dis-

273 977 429 1022 paribus
459 976 653 1012 coloribus
684 976 840 1021 dicitur,
871 976 942 1012 sed
976 975 1214 1013 transfertur
1242 979 1283 1012 in
1311 977 1436 1014 multa

271 1047 463 1093 disparia:
494 1050 643 1083 varium
677 1060 830 1093 poema,
861 1050 965 1083 varia
999 1050 1137 1094 oratio,
1165 1050 1260 1083 varii
1294 1061 1435 1094 mores,

272 1121 376 1155 varia
408 1118 580 1163 fortuna,
600 1117 781 1164 voluptas
814 1121 933 1155 etiam
964 1121 1068 1154 varia
1099 1118 1175 1155 dici
1207 1118 1320 1165 solet,
1347 1133 1434 1156 cum

273 1192 490 1235 percipitur
510 1202 531 1224 e
552 1189 688 1225 multis
709 1188 962 1225 dissimilibus
989 1189 1106 1225 rebus
1127 1189 1334 1226 dissimiles
1359 1191 1437 1226 effi-

274 1260 470 1296 cientibus
491 1259 725 1305 voluptates.
786 1260 884 1296 Eam
905 1263 935 1296 si
953 1262 1184 1296 varietatem
1200 1259 1363 1306 diceres,
1381 1263 1439 1298 in-

275 1331 525 1376 tellegerem,
546 1336 590 1367 ut
613 1334 732 1367 etiam
758 1345 836 1367 non
866 1331 1025 1368 dicente
1054 1336 1094 1367 te
1122 1331 1338 1377 intelleg03
1367 1335 1441 1368 ista

275 1405 441 1438 varietas
462 1414 562 1447 quae
594 1404 644 1438 sit
673 1415 753 1438 non
783 1405 876 1438 satis
906 1404 1112 1448 perspicio,
1133 1401 1238 1447 quod
1266 1405 1321 1439 ais
1351 1416 1438 1439 cum

274 1473 408 1509 dolore
430 1486 630 1509 careamus
657 1478 743 1509 tum
768 1476 808 1509 in
837 1486 988 1510 summa
1009 1473 1212 1518 voluptate
1240 1486 1311 1510 nos
1339 1487 1437 1520 esse,

273 1553 361 1575 cum
382 1544 517 1576 autem
537 1553 740 1576 vescamur
761 1542 806 1576 iis
831 1540 949 1576 rebus
970 1552 1069 1585 quae
1097 1539 1255 1576 dulcem
1282 1545 1434 1577 motum

272 1606 436 1642 afferant
452 1607 642 1651 sensibus,
659 1611 744 1643 tum
761 1619 845 1643 esse
862 1609 902 1642 in
918 1611 1028 1642 motu
1045 1606 1302 1652 voluptatem,
1319 1600 1436 1653 quae1

274 1674 391 1710 faciat
412 1676 643 1709 varietatem
674 1673 935 1719 voluptatum,
957 1673 1026 1709 sed
1056 1686 1135 1710 non
1165 1677 1299 1719 augeri
1329 1674 1436 1710 illam

272 1754 350 1777 non
376 1739 537 1776 dolendi
567 1740 824 1786 voluptatem,
853 1753 969 1786 quam
1000 1753 1068 1776 cur
1096 1740 1340 1786 voluptatem
1370 1754 1436 1786 ap-

274 1808 396 1853 pelles
417 1806 588 1842 nesci0.”

1020 1864 1088 1889 2“

326 1874 391 1910 IV.
425 1865 522 1909 “An
562 1873 732 1919 potest,'’
766 1876 895 1918 inquit
932 1873 1012 1918 ille,
1098 1873 1310 1919 quidquam
1349 1886 1435 1912 esse

328 1958 436 1999 ¹quae
454 1957 571 1994 MSS.;
596 1957 661 1998 qui
677 1956 801 1993 Davis,
823 1956 935 1995 Mdv„
955 1958 1016 1988 but
1032 1967 1084 1997 cp.
1105 1958 1187 1998 §75

328 2001 340 2020 ²
355 2001 475 2042 inquit
488 2001 545 2032 ille
561 2011 601 2031 or
618 2000 676 2031 ille
693 2000 812 2041 inquit
829 2000 947 2036 MSS.;
972 2001 1030 2031 ille
1048 2000 1143 2032 Mdv.
1164 2001 1341 2032 brackets.

378 2056 424 2087 88
