1574 2364
198 1155 247 1193 39

197 1786 245 1817 40

587 127 783 164 CICERO
814 126 888 163 DE
920 127 1138 165 FINIBUS

277 208 457 244 habitum
478 198 695 253 perduxit.1
726 206 892 252 Semper
911 210 1018 243 enim
1039 210 1094 243 ita
1113 211 1276 244 assumit
1295 208 1442 254 aliquid

281 277 323 307 ut
363 284 408 307 ea
446 284 547 315 quae
586 273 712 315 prima
750 269 908 306 dederit
946 283 1025 306 non
1073 270 1241 307 deserat.
1303 271 1443 317 Itaque

278 335 457 371 sensibus
477 336 672 369 rationem
693 332 874 368 adiunxit
901 338 942 369 et
969 336 1120 370 ratione
1149 333 1288 370 effecta
1307 347 1443 372 sensus

278 410 357 433 non
380 397 552 441 reliquit.
597 397 654 433 Ut
675 398 706 432 si
727 395 881 432 cultura
902 398 1054 441 vitium,
1077 399 1186 432 cuius
1207 396 1281 432 hoc
1302 410 1444 435 munus

280 465 340 496 est
371 463 417 495 ut
449 459 591 495 efficiat
621 463 667 494 ut
697 461 788 494 vitis
819 471 908 494 cum
943 459 1124 495 omnibus
1157 460 1334 504 partibus
1367 463 1445 497 suis

279 536 394 567 quam
416 524 566 566 optime
588 534 628 557 se
650 520 936 565 habeat,—sed
958 524 1012 557 sic
1033 521 1312 567 intellegamus
1332 514 1446 566 (licet

279 588 398 629 enim,
421 590 465 620 ut
486 597 553 619 vos
574 597 731 629 quoque
754 584 901 629 soletis,
924 584 1073 629 fingere
1100 584 1249 629 aliquid
1275 585 1444 622 docendi

278 640 430 691 causa):
454 650 483 683 si
506 650 627 691 igitur
648 646 714 682 illa
735 646 887 682 cultura
910 650 1048 683 vitium
1070 650 1110 683 in
1131 650 1211 684 vite
1233 650 1327 684 insit
1347 651 1443 694 ipsa,

277 716 423 755 cetera,
445 710 576 754 credo,
598 709 695 745 velit
716 722 815 754 quae
836 709 885 745 ad
914 710 1122 746 colendam
1150 713 1272 746 vitem
1299 714 1444 747 attine-

277 772 378 809 bunt
405 776 507 809 sicut
533 777 663 816 antea,
693 785 733 808 se
765 778 900 808 autem
933 773 1114 808 omnibus
1148 776 1237 810 vitis
1268 774 1444 819 partibus

279 835 478 882 praeferat
498 840 726 879 statuatque
748 834 845 870 nihil
869 848 954 871 esse
983 835 1123 871 melius
1151 838 1191 871 in
1217 838 1298 872 vite
1326 850 1444 882 quam

277 912 318 935 se
335 912 344 943 ;
365 898 547 935 similiter
568 911 718 942 sensus,
740 911 829 933 cum
849 900 1015 934 accessit
1031 898 1080 934 ad
1097 903 1291 943 naturam,
1308 904 1444 936 tuetur

278 962 385 998 illam
426 961 588 1006 quidem
628 961 697 997 sed
738 963 859 996 etiam
899 973 940 996 se
980 966 1141 1005 tuetur3
1181 974 1270 998 011111
1309 967 1444 999 autem

278 1029 477 1070 assumpta
514 1029 573 1060 est
608 1027 720 1068 ratio,
754 1028 866 1059 tanto
901 1026 941 1059 in
976 1023 1179 1060 dominatu
1214 1024 1366 1061 locatur
1399 1031 1445 1062 ut

278 1091 407 1123 omnia
439 1087 505 1122 illa
532 1089 657 1132 prima
686 1091 850 1122 naturae
878 1086 993 1122 liuius
1014 1086 1166 1123 tutelae
1187 1087 1440 1125 subiciantur.

282 1151 419 1196 Itaque
460 1164 539 1186 non
579 1150 749 1186 discedit
788 1151 837 1185 ab
877 1163 1012 1186 eorum
1052 1154 1254 1188 curatione
1303 1152 1443 1196 quibus

278 1217 501 1260 praeposita
521 1217 641 1249 vitam
664 1226 822 1248 omnem
843 1212 966 1249 debet
985 1214 1208 1258 gubernare
1225 1226 1233 1257 ;
1254 1219 1298 1250 ut
1313 1217 1443 1251 mirari

279 1280 372 1313 satis
389 1269 577 1312 istorum²
598 1279 903 1312 inconstantiam
926 1289 1004 1312 non
1026 1280 1180 1322 possim.
1212 1277 1443 1314 Naturalem

279 1343 384 1377 enim
423 1341 726 1384 appetitionem,
764 1351 881 1383 quam
922 1344 1063 1375 vocant
1102 1339 1229 1385 ὁρμήν,
1265 1343 1441 1386 itemque

278 1404 459 1446 officium,
490 1405 614 1447 ipsam
650 1404 769 1437 etiam
801 1404 989 1437 virtutem
1022 1401 1159 1438 volunt
1190 1415 1275 1439 esse
1307 1416 1440 1439 earum

278 1479 408 1502 rerum
436 1477 536 1509 quae
565 1464 783 1500 secundum
811 1469 992 1499 naturam
1020 1470 1122 1500 sunt.
1183 1465 1281 1501 Cum
1307 1470 1440 1502 autem

277 1529 326 1565 ad
365 1540 560 1564 summum
601 1527 747 1562 bonum
787 1526 926 1562 volunt
960 1530 1179 1572 pervenire,
1214 1528 1442 1566 transiliunt

277 1594 407 1628 onmia
440 1595 481 1626 et
513 1589 591 1625 duo
623 1589 735 1625 nobis
768 1602 887 1634 opera
918 1603 988 1635 pro
1020 1603 1098 1626 uno
1125 1590 1368 1637 relinquunt,
1396 1597 1441 1629 ut

277 1655 351 1690 alia
372 1666 584 1697 sumamus,
606 1652 681 1687 alia
702 1657 948 1697 expetamus.
971 1655 1102 1698 potius
1122 1666 1240 1698 quam
1260 1666 1338 1690 uno
1362 1654 1438 1691 fine

276 1722 487 1761 utrumque
509 1714 806 1751 concluderent.

330 1779 414 1815 XV.
447 1768 536 1814 “At
557 1780 662 1813 enim
685 1768 835 1822 [nam]3
855 1777 985 1814 dicitis
1006 1780 1195 1815 virtutem
1219 1792 1297 1815 non
1325 1792 1437 1825 posse

317 1890 329 1909 ¹
334 1889 506 1932 perduxit
521 1888 616 1920 Mdv.
636 1888 705 1928 (cp.
722 1887 765 1925 V,
783 1897 820 1927 41
841 1886 1043 1929 caepimus),
1057 1889 1267 1930 perduxerit
1282 1889 1382 1920 MSS.

319 1934 332 1953 ²
346 1935 489 1964 istorum
507 1931 620 1967 Mdv.;
637 1942 751 1961 eorum
770 1930 870 1960 MSS.

318 1974 331 1992 ⁸
348 1984 429 2005 nam
453 1973 490 2005 of
512 1974 593 2005 best
608 1973 706 2004 MSS.
752 1973 851 2004 Mdv.
870 1972 1058 2011 brackets:
1077 1974 1183 2005 other
1193 1973 1291 2005 MSS.
1303 1983 1426 2012 veram,

276 2020 413 2052 natura,
432 2017 503 2048 and
522 2017 591 2049 iam
609 2015 748 2053 dicetis:
774 2015 866 2047 Reid
883 2024 989 2047 unam
1008 2015 1021 2048 ἓ

381 2061 455 2097 342
