1574 2364
197 815 245 852 68

181 1869 231 1911 69

591 145 787 182 CICERO
818 145 892 181 DE
924 146 1141 184 FINIBUS

283 225 473 271 Quarum,
505 228 647 270 inquit,
679 228 822 261 artium
855 239 1029 263 summae
1061 240 1237 265 crescere
1268 234 1444 274 possunt.

283 298 416 321 earum
437 287 557 320 etiam
578 287 860 320 contrariorum
881 298 1033 321 sumnia
1052 289 1200 331 poterit
1219 290 1355 332 augeri
1367 300 1376 331 ;
1395 289 1440 323 ad

283 346 437 380 virtutis
468 348 602 379 autem
634 356 826 379 summam
856 343 1046 380 accedere
1077 345 1175 381 nihil
1208 351 1359 391 potest3
1394 359 1441 382 ne

282 405 376 438 vitia
395 401 557 447 quidem
577 404 698 446 igitur
717 414 893 438 crescere
913 407 1115 447 poterunt,
1135 416 1235 448 quae
1255 409 1348 440 sunt
1368 406 1439 440 vir-

281 466 413 497 tutum
433 463 637 496 contraria.
690 460 834 496 Utrum
854 463 975 504 igitur
995 461 1158 497 tandem
1174 465 1444 508 perspicuisne

280 520 399 556 dubia
407 522 638 564 aperiuntur
646 531 695 553 an
709 518 837 554 dubiis
851 522 1056 564 perspicua
1068 519 1287 556 tolluntur?
1317 521 1438 566 Atqui

279 579 353 615 hoc
373 581 624 623 perspicuum
640 582 713 621 est,
729 580 823 613 vitia
838 577 913 613 alia
933 578 1017 614 aliis
1028 571 1039 593 ¹
1057 591 1142 615 esse
1158 582 1322 623 maiora;
1343 579 1437 616 illud

279 638 456 681 dubium,
477 636 526 672 ad
547 636 587 672 id
607 636 713 680 quod
733 649 929 672 summum
949 637 1096 673 bonum
1121 637 1251 674 dicitis
1276 651 1436 684 ecquae-

278 710 369 732 nam
390 695 473 731 fieri
492 697 614 740 possit
633 697 813 730 accessio.
855 695 932 731 Vos
952 700 1099 741 autem,
1117 709 1206 732 cum
1226 699 1440 742 perspicuis

278 756 396 791 dubia
423 754 601 790 debeatis
628 753 836 797 illustrare,
857 753 985 790 dubiis
1012 757 1217 799 perspicua
1244 758 1434 793 conamini

277 814 428 851 tollere.
490 811 629 857 Itaque
651 804 814 848 eadem¹2
835 815 985 848 ratione
1007 826 1083 857 qua
1103 826 1188 849 sum
1209 814 1324 860 paulo
1344 820 1435 852 ante

277 886 368 909 usus
397 871 621 907 haerebitis.
682 870 722 907 Si
752 873 858 906 enim
888 876 1097 916 propterea
1127 874 1221 908 vitia
1250 872 1325 908 alia
1353 873 1437 911 aliis

275 934 420 968 maiora
440 942 520 965 non
541 934 633 965 sunt
653 931 743 974 quia
764 942 814 965 ne
834 929 884 965 ad
911 929 1030 965 finem
1057 930 1219 975 quidem
1246 931 1433 968 bonorum

276 1003 366 1027 eum
400 1001 519 1034 quem
552 1000 618 1023 vos
654 987 781 1023 facitis
815 988 1029 1033 quidquam
1063 993 1197 1033 potest
1233 990 1435 1036 accedere,

274 1050 459 1094 quoniam
475 1049 724 1092 perspicuum
742 1051 801 1081 est
818 1049 911 1082 vitia
927 1059 1007 1082 non
1024 1060 1108 1083 esse
1125 1051 1300 1084 omnium
1316 1052 1432 1094 paria,

273 1108 359 1144 finis
379 1107 571 1142 bonorum
592 1105 700 1140 vobis
720 1104 933 1141 mutandus
954 1110 1024 1141 est.
1084 1105 1306 1143 Teneamus
1327 1111 1431 1144 enim

271 1166 369 1203 illud
403 1177 565 1201 necesse
600 1168 672 1207 est,
703 1176 792 1199 cum
827 1176 1072 1209 consequens
1102 1164 1261 1210 aliquod
1292 1165 1430 1202 falsum

271 1229 334 1269 sit,
369 1222 466 1260 illud
501 1225 609 1258 cuius
644 1221 684 1258 id
719 1235 964 1267 consequens
1003 1226 1053 1259 sit
1086 1236 1165 1259 non
1200 1237 1312 1269 posse
1347 1238 1430 1262 esse

269 1296 415 1320 verum.

324 1341 445 1377 XXV.
471 1330 494 1346 ‘⁶
504 1339 616 1385 Quae
631 1344 691 1375 est
704 1342 825 1384 igitur
838 1352 951 1376 causa
965 1343 1126 1377 istarum
1136 1344 1428 1386 angustiarum?

269 1401 447 1437 Gloriosa
484 1401 699 1434 ostentatio
737 1400 777 1433 in
816 1399 1095 1435 constituendo
1129 1413 1280 1436 summo
1314 1401 1427 1438 bono.

268 1460 365 1496 Cum
387 1461 492 1494 enim
514 1456 619 1502 quod
640 1456 851 1492 honestum
872 1459 922 1493 sit
949 1457 988 1493 id
1016 1457 1141 1493 solum
1170 1459 1315 1495 bonum
1344 1472 1427 1496 esse

266 1517 530 1560 confirmatur,
556 1514 710 1551 tollitur
738 1527 829 1550 cura
858 1515 1107 1560 valetudinis,
1135 1516 1343 1561 diligentia
1372 1522 1426 1555 rei

266 1575 478 1618 familiaris,
500 1573 787 1609 administratio
814 1576 870 1609 rei
897 1573 1091 1619 publicae,
1112 1575 1206 1611 ordo
1232 1576 1425 1619 gerendo-

265 1648 352 1671 rum
381 1635 643 1678 negotiorum,
665 1632 787 1667 offieia
816 1634 939 1675 vitae;
969 1635 1096 1677 ipsum
1126 1633 1299 1679 denique
1329 1635 1425 1672 illud

265 1694 488 1735 honestum,
506 1693 545 1726 in
566 1703 643 1735 quo
664 1703 742 1725 uno
763 1689 880 1726 vultis
901 1703 985 1726 esse
1002 1693 1144 1736 onmia,
1161 1691 1424 1730 deserendum

263 1757 343 1794 est3
373 1762 473 1795 quae
498 1748 801 1793 diligentissime
829 1753 964 1784 contra
985 1749 1213 1786 Aristonem
1240 1750 1424 1788 dicuntur

262 1824 283 1846 a
304 1809 532 1854 Chrysippo.
593 1806 651 1842 Ex
674 1819 718 1842 ea
740 1806 970 1843 difficultate
994 1807 1082 1843 illae
1106 1799 1421 1856 ‘fallaciloquae,’

260 1874 306 1905 ut
335 1870 391 1903 ait
422 1866 571 1909 Attius,
603 1855 821 1909 ‘malitiae,'
852 1870 969 1901 natae
1004 1871 1106 1902 sunt.
1168 1866 1284 1912 Quod
1317 1872 1422 1906 enim

299 1959 310 1977 ¹
322 1958 396 1988 alia
414 1957 498 1987 aliis
515 1954 719 1992 Lambinus,
742 1955 853 1991 Mdv.;
871 1956 944 1986 alia
964 1956 1001 1986 in
1019 1957 1103 1987 aliis
1120 1957 1221 1988 MSS.

301 2001 451 2041 2Ιίιιᾳιιε
467 1999 583 2030 eadem
603 1998 715 2045 M'dvq
740 1999 865 2038 ltaque
882 2010 1002 2030 rursus
1018 2001 1134 2031 eadem
1155 2001 1296 2038 Baitem
1318 2005 1420 2043 atque

261 2055 344 2077 usus
359 2043 474 2074 eadem
495 2043 520 2072 Β
540 2042 578 2073 E.

356 2097 432 2131 374
