1574 2364
577 144 774 182 CICERO
815 143 890 180 DE
930 144 1150 184 FINIBUS

277 237 341 263 mo
370 226 474 263 bono
504 225 659 270 fruitur,
695 223 736 261 id
770 229 829 261 est
861 224 1078 270 voluptate.
1140 213 1221 260 ‘At
1251 225 1358 260 enim
1386 222 1451 260 hie

277 301 397 335 etiam
421 295 603 334 dolore!'
663 295 720 332 At
749 308 840 332 eum
869 295 983 331 nihili
1014 295 1109 332 facit
1125 308 1133 339 3
1173 297 1229 331 ait
1259 297 1366 331 enim
1394 307 1448 339 se,

202 373 250 411 89
275 372 305 406 si
326 374 474 413 uratur,
497 358 507 374 ‘
521 367 651 413 Quam
671 367 747 403 hoc
768 367 909 404 suave!
926 366 933 378 ’
957 366 1167 403 dicturum.
1220 365 1309 412 Qua
1328 368 1449 411 igitur

193 1395 243 1432 90

274 453 316 477 re
345 454 367 476 a
396 439 472 476 deo
501 441 673 475 vincitur
702 441 733 475 si
763 440 1003 474 aeternitate
1034 450 1114 474 non
1144 438 1341 474 vincitur?
1401 437 1448 474 In

277 526 353 558 qua
379 510 475 557 quid
502 515 564 547 est
594 510 685 546 boni
716 514 875 555 praeter
905 522 1099 545 summam
1129 508 1375 554 voluptatem
1405 513 1447 546 et

273 596 360 620 eam
381 581 693 628 sempiternam?
742 579 850 626 Quid
872 593 966 625 ergo
986 582 1135 616 attinet
1154 579 1322 625 gloriose
1339 579 1444 626 loqui

275 657 349 690 nisi
389 657 618 690 constanter
656 651 849 697 loquare?
928 651 974 687 In
1022 650 1227 697 voluptate
1274 654 1445 697 corporis

271 718 446 769 (addam,
477 726 508 761 si
535 726 604 769 vis,
631 725 764 768 animi,
793 722 889 759 dum
918 735 963 759 ea
990 725 1086 768 ipsa,
1114 727 1159 759 ut
1185 722 1316 767 vultis,
1344 725 1395 759 sit
1421 736 1442 760 e

272 788 452 842 corpore)
483 798 603 832 situm
633 800 694 831 cst
724 797 854 830 vivere
885 794 1013 830 beate.
1076 793 1211 839 Quid?
1241 796 1357 830 istam
1377 807 1441 830 vo-

273 857 467 902 luptatem
490 861 724 902 perpetuam
745 860 830 902 quis
854 861 988 902 potest
1012 861 1212 902 praestare
1237 856 1437 902 sapienti?

273 924 374 960 Nam
407 924 548 969 quibus
580 924 697 960 rebus
729 925 951 961 efficiuntur
979 924 1219 970 voluptates,
1251 937 1322 961 eae
1358 937 1438 960 non

272 996 365 1028 sunt
389 993 429 1026 in
457 995 657 1036 potestate
684 993 883 1037 sapientis.
945 991 1036 1028 Non
1063 993 1170 1028 enim
1197 993 1238 1027 in
1266 993 1349 1036 ipsa
1378 1003 1437 1027 sa-

272 1060 423 1103 pientia
454 1060 625 1103 positum
658 1063 719 1095 est
749 1058 911 1095 beatum
943 1071 1042 1103 esse,
1069 1057 1139 1095 sed
1170 1060 1211 1094 in
1242 1060 1288 1094 iis
1319 1057 1436 1095 rebus

272 1137 367 1170 quas
406 1127 600 1170 sapientia
639 1130 840 1170 comparat
877 1124 928 1161 ad
966 1125 1222 1171 voluptatem.
1289 1124 1435 1161 Totum

272 1196 406 1228 autem
438 1191 479 1228 id
511 1197 721 1229 externum
753 1196 826 1237 est,
859 1197 901 1229 et
931 1192 1037 1237 quod
1069 1197 1291 1236 externum,
1323 1191 1364 1228 id
1395 1193 1436 1227 in

273 1271 363 1295 casu
385 1263 455 1295 est.
518 1258 581 1295 Ita
602 1259 644 1295 fit
665 1259 806 1295 beatae
828 1261 931 1296 vitae
952 1258 1112 1296 domina
1131 1258 1304 1304 fortuna,
1319 1270 1437 1304 quam

274 1325 467 1370 Epicurus
487 1328 544 1362 ait
564 1328 747 1371 exiguam
767 1328 1009 1362 intervenire
1030 1328 1210 1372 sapienti.

329 1391 520 1429 XXVIII.
552 1382 578 1399 “
592 1382 725 1438 ‘Age,’
743 1395 912 1438 inquies,
926 1383 1020 1429 ‘ista
1039 1405 1158 1438 parva
1177 1397 1280 1429 sunt.
1329 1391 1439 1437 Sapi-

273 1463 411 1496 entem
431 1458 651 1505 locupletat
670 1462 753 1505 ipsa
773 1464 926 1504 natura,
943 1462 1052 1496 cuius
1069 1459 1225 1496 divitias
1246 1459 1438 1504 Epicurus

273 1525 467 1572 parabiles
507 1539 591 1564 esse
631 1525 966 1563 docuit.’—Haec
998 1526 1101 1563 bene
1133 1526 1333 1571 dicuntur,
1362 1537 1437 1562 nec

274 1605 348 1638 ego
369 1606 568 1639 repugno3
600 1592 670 1630 sed
700 1595 807 1630 inter
832 1606 919 1630 sese
945 1595 1028 1639 ipsa
1054 1597 1245 1639 pugnant.
1305 1592 1439 1638 Negat

273 1662 380 1696 enim
407 1663 640 1697 tenuissimo
660 1663 781 1706 victu,
801 1659 843 1696 id
875 1664 937 1697 est
964 1661 1313 1706 contemptissimis
1341 1660 1439 1696 escis

274 1730 316 1762 et
354 1728 593 1771 potionibus,
625 1729 819 1764 minorem
850 1726 1097 1772 voluptatem
1136 1727 1285 1772 percipi
1323 1738 1440 1771 quam

273 1793 389 1829 rebus
426 1796 741 1839 exquisitissimis
772 1793 822 1830 ad
857 1793 1110 1839 epulandum.
1162 1793 1270 1829 Huic
1301 1805 1389 1838 ego,
1409 1792 1441 1828 si

275 1865 442 1905 negaret
462 1861 677 1905 quidquam
696 1863 889 1898 interesse
905 1860 955 1897 ad
975 1861 1092 1897 beate
1107 1859 1320 1897 vivendum
1336 1858 1441 1904 quali

272 1931 454 1963 uteretur
471 1930 592 1972 victu,
613 1927 893 1971 concederem3
920 1927 1123 1964 laudarem
1142 1929 1283 1971 etiam3
1303 1938 1438 1963 verum

359 2036 375 2055 ²
388 2030 450 2063 Le.
470 2030 504 2062 in
523 2031 581 2062 the
598 2030 730 2062 brazen
747 2030 817 2062 bull
833 2030 873 2062 of
887 2031 1061 2070 Phalaris,
1080 2030 1124 2062 cf.
1143 2030 1185 2063 V.
1205 2031 1259 2068 80,
1275 2030 1324 2069 85.

383 2085 457 2118 180

1572 1917 1574 1937 A
