1574 2364
223 655 243 685 m

252 654 271 685 ἰαῦ

609 141 804 178 CICERO
836 141 909 177 DE
940 141 1159 180 FINIBUS

300 223 422 269 phum
448 222 635 258 Africano
663 220 911 266 decerneret,
939 211 1063 267 ‘quod
1089 225 1172 259 eius
1198 221 1371 267 virtute‚’
1398 227 1466 259 aut

301 285 539 330 ‘felicitate’
577 296 711 338 posset
748 292 893 338 dicere,
928 295 959 329 si
994 306 1124 338 neque
1159 296 1281 330 virtus
1314 296 1355 330 in
1387 293 1467 329 ullo

301 367 376 401 nisi
416 356 478 400 in¹
518 365 698 409 sapiente
738 376 812 400 nec
852 363 1021 400 felicitas
1059 356 1267 401 vere'dici
1310 364 1466 409 potest?

302 436 414 481 Quae
436 440 497 472 est
517 438 638 480 igitur
658 438 733 471 ista
752 435 1000 481 philosophia
1021 448 1120 480 quae
1141 439 1339 472 communi
1359 448 1467 473 more

301 510 340 542 iu
376 506 459 542 foro
494 506 680 551 loquitur,
714 509 755 542 in
794 506 937 542 libellis
976 507 1069 542 suo?
1113 509 1345 552 praesertim
1379 519 1467 542 cum

303 578 407 623 quod
429 578 485 613 illi
507 581 585 614 suis
606 577 734 614 verbis
754 571 1001 622 significant2
1021 581 1061 614 in
1084 590 1130 614 eo
1150 577 1247 614 nihil
1269 570 1467 622 novetur,3

304 649 467 685 caedem
485 662 546 685 res
562 653 751 685 maneant
770 648 845 684 alio
862 649 988 685 modo.
1032 649 1138 694 Quid
1161 652 1266 685 enim
1287 652 1466 692 interest,

302 721 470 766 divitias,
506 734 613 767 opes,
646 720 917 756 valetudinem
951 721 1053 756 bona
1084 720 1190 757 dicas
1221 733 1324 757 anne
1356 733 1466 766 prae-

302 795 440 839 posita,
457 805 545 829 cum
566 791 633 828 ille
654 794 721 837 qui
742 795 817 828 ista
836 792 941 828 bona
963 791 1061 828 dicit
1080 791 1204 828 nihilo
1225 791 1312 837 plus
1332 794 1378 828 iis
1398 794 1466 828 tri-

302 865 398 900 buat
425 877 540 909 quam
570 868 613 899 tu
641 866 706 908 qui
741 862 880 899 eadem
912 863 978 899 illa
1010 865 1233 908 praeposita
1262 863 1466 899 nominas?

302 935 442 979 Itaque
463 934 581 970 homo
597 937 637 970 in
657 937 791 979 primis
807 937 1002 978 ingenuus
1020 939 1061 971 et
1080 937 1221 979 gravis,
1237 933 1380 979 dignus
1400 933 1465 969 illa

304 1006 570 1042 familiaritate
605 1005 798 1051 Scipionis
826 1010 868 1042 et
900 1005 1023 1050 Laeli,
1056 1005 1280 1050 Panaetius,
1301 1017 1390 1042 cum
1416 1004 1466 1041 ad

300 1077 348 1122 Q.
372 1077 625 1113 Tuberonem
658 1076 709 1112 de
741 1075 876 1112 dolore
909 1076 1098 1122 patiendo
1130 1076 1333 1121 scriberet,
1360 1075 1465 1121 quod

300 1161 385 1185 esse
402 1153 523 1193 caput
544 1147 717 1184 debebat
738 1150 769 1183 si
789 1147 944 1193 probari
965 1152 1112 1193 posset,
1126 1159 1319 1192 nusquam
1334 1149 1466 1192 posuit

301 1232 380 1255 non
411 1231 496 1255 esse
523 1218 670 1254 malum
698 1218 888 1264 dolorem,
909 1218 978 1255 sed
1010 1218 1104 1264 quid
1137 1221 1241 1255 esset
1268 1222 1310 1254 et
1336 1217 1463 1263 quale,

301 1295 573 1335 quantumque
606 1293 645 1325 in
678 1302 725 1325 eo
757 1294 862 1326 esset
892 1289 1025 1335 alieni,
1056 1289 1202 1326 deinde
1234 1301 1334 1335 quae
1366 1291 1465 1325 ratio

301 1366 406 1397 esset
444 1359 691 1406 perferendi3
736 1362 844 1395 cuius
884 1359 1058 1404 quidem,
1090 1363 1274 1404 quoniam
1310 1359 1463 1396 Stoicus

300 1431 388 1476 suit,
403 1434 602 1467 sententia
620 1430 883 1466 condemnata
903 1429 999 1465 mihi
1017 1429 1173 1466 videtur
1189 1443 1273 1467 esse
1294 1433 1462 1466 inanitas

298 1505 371 1538 ista
393 1502 609 1538 verborum.

353 1573 398 1609 X.
433 1564 548 1609 “Sed
577 1578 621 1609 ut
644 1576 802 1618 propius
828 1572 878 1609 ad
905 1585 964 1618 ea,
986 1573 1094 1618 Cato,
1115 1573 1299 1609 accedam
1320 1585 1420 1618 quae
1441 1586 1461 1608 a

299 1650 339 1680 te
375 1644 481 1680 dicta
517 1649 621 1689 sunt,
657 1646 827 1689 pressius
858 1656 1019 1688 agamus
1051 1656 1176 1688 eaque
1210 1657 1310 1689 quae
1344 1643 1462 1680 modo

296 1715 430 1752 dixisti
447 1728 535 1752 cum
550 1718 595 1751 iis
610 1714 858 1751 conferamus
874 1728 974 1761 quae
991 1718 1069 1752 tuis
1085 1720 1295 1761 antepono.
1347 1714 1459 1761 Quae

296 1793 388 1824 sunt
422 1790 544 1832 igitur
579 1790 800 1823 communia
835 1787 944 1823 vobis
983 1800 1071 1823 cum
1106 1790 1291 1832 antiquis,
1326 1790 1371 1824 iis
1405 1790 1458 1824 sic

296 1863 452 1896 utamur
480 1860 589 1903 quasi
620 1860 833 1898 concessis;
864 1870 962 1902 quae
993 1861 1033 1894 in
1061 1861 1365 1895 controversiam
1393 1871 1457 1895 ve-

345 1946 350 1962 ¹
367 1947 403 1976 in
422 1956 488 1976 om.
509 1949 600 1976 most
620 1945 720 1976 MSS.

340 1987 570 2029 ²51'gvzzficant
587 1988 727 2028 Kayser
744 1998 752 2027 ;
768 1988 971 2030 Stgnificent
988 1990 1104 2027 MSS,
1126 1989 1220 2021 Mdv.

341 2031 353 2050 Β
365 2032 464 2062 After
480 2035 624 2062 novetur
639 2031 740 2062 MSS.
759 2031 830 2062 add
847 2032 887 2062 de
904 2033 990 2073 ipsis
1007 2032 1103 2064 rebus
1119 2033 1214 2064 nihil
1227 2034 1388 2065 mutetur.

403 2080 479 2118 326
