1615 2359
255 870 305 908 72

640 93 835 131 CICERO
867 93 941 131 DE
973 95 1191 135 FINIBUS

332 172 509 210 sensibus
534 172 750 218 confirmat,
775 172 816 210 id
843 178 905 210 est
927 176 1163 222 incorruptis
1186 181 1306 222 atque
1332 180 1498 225 integris

333 236 513 281 testibus,
530 238 561 272 si
582 236 755 273 infantes
776 239 901 282 pueri,
918 243 1051 275 mutae
1069 242 1189 276 etiam
1206 241 1356 277 bestiae
1372 254 1499 287 paene

333 299 560 344 loquuntur,
591 301 779 344 magistra
809 313 853 336 ac
881 300 982 337 duce
1006 306 1158 347 natura,
1180 302 1279 339 nihil
1304 316 1389 340 esse
1412 317 1501 350 pro-

333 374 491 407 sperum
518 364 592 398 nisi
616 362 875 408 voluptatem,
897 363 995 399 nihil
1016 377 1197 410 asperum
1218 368 1293 402 nisi
1313 366 1502 412 dolorem,

334 424 384 461 de
405 425 546 470 quibus
566 437 696 470 neque
717 425 932 471 depravate
952 426 1130 464 iudicant
1149 441 1280 474 neque
1306 435 1503 475 corrupte,

334 500 466 524 nonne
488 490 524 524 ei
544 490 755 524 maximam
775 491 943 533 gratiam
963 489 1110 526 habere
1131 490 1323 528 debemus
1343 495 1410 537 qui
1430 492 1503 529 hac

335 550 520 587 exaudita
536 553 645 596 quasi
662 563 756 587 voce
774 556 937 588 naturae
953 555 1007 588 sic
1024 566 1111 589 eam
1127 553 1236 590 firme
1251 557 1503 600 graviterque

335 613 682 659 comprehenderit
702 618 746 650 ut
767 627 903 650 omnes
928 615 1030 651 bene
1055 629 1168 652 sanos
1188 619 1229 652 in
1250 619 1351 654 viam
1375 617 1504 663 placa-

337 682 412 722 tae,
447 676 697 722 tranquillae,
732 679 904 722 quietae,
943 678 1083 715 beatae
1118 681 1222 716 vitae
1261 679 1504 717 deduceret?

336 740 415 786 Qui
444 740 550 785 quod
578 740 652 776 tibi
678 753 816 785 parum
837 740 995 777 videtur
1024 741 1215 788 eruditus,
1237 755 1283 780 ea
1306 755 1422 780 causa
1445 748 1506 781 est

335 803 441 848 quod
461 802 610 838 nullam
631 803 896 839 eruditionem
918 817 1003 841 esse
1024 804 1139 841 duxit
1158 808 1232 842 nisi
1248 818 1348 851 quae
1365 806 1505 843 beatae

336 869 439 902 vitae
474 865 723 911 disciplinam
756 869 918 902 iuvaret.
978 867 1044 903 An
1077 867 1144 904 ille
1179 873 1336 914 tempus
1367 874 1437 906 aut
1465 872 1506 906 in

336 932 463 975 poetis
498 928 738 972 evolvendis,
773 933 818 965 ut
851 941 926 973 ego
959 934 1000 966 et
1031 929 1202 967 Triarius
1231 936 1272 967 te
1303 931 1505 969 hortatore

337 991 513 1036 facimus,
537 996 801 1037 consumeret,
825 994 866 1027 in
896 992 1037 1037 quibus
1066 993 1175 1029 nulla
1203 993 1326 1031 solida
1355 994 1504 1031 utilitas

337 1058 542 1100 omnisque
567 1054 728 1100 puerilis
750 1059 811 1091 est
831 1054 1058 1100 delectatio,
1079 1061 1148 1093 aut
1172 1069 1226 1102 se,
1247 1061 1293 1094 ut
1318 1057 1442 1102 Plato,
1463 1060 1504 1094 in

337 1121 507 1162 musicis,
531 1120 763 1162 geometria,
788 1121 975 1164 numeris,
999 1121 1111 1155 astris
1142 1124 1380 1166 contereret,
1404 1133 1504 1166 quae

338 1186 379 1218 et
399 1194 421 1216 a
442 1180 547 1217 falsis
568 1183 689 1217 initiis
711 1180 889 1226 profecta
910 1194 1001 1218 vera
1021 1194 1106 1218 esse
1127 1195 1207 1219 non
1227 1187 1392 1229 possunt
1413 1188 1454 1220 et
1474 1187 1505 1220 si

338 1248 472 1281 essent
496 1256 587 1280 vera
611 1243 710 1279 nihil
734 1243 920 1281 afferrent
945 1257 1021 1290 quo
1045 1245 1267 1292 iucundius,
1287 1245 1329 1283 id
1349 1251 1410 1283 est
1430 1259 1507 1292 quo

338 1304 478 1341 melius
504 1306 743 1347 viveremus;
763 1326 815 1331 -
837 1317 901 1341 eas
931 1318 1026 1350 ergo
1054 1310 1159 1342 artes
1188 1311 1506 1352 persequeretur,

341 1367 495 1404 vivendi
522 1371 648 1403 artem
673 1372 825 1404 tantam
853 1372 1014 1413 tamque
1041 1380 1244 1414 operosam
1272 1374 1314 1406 et
1342 1370 1507 1415 perinde

338 1431 579 1467 fructuosam
599 1430 867 1475 relinqueret?
925 1431 1016 1467 Non
1041 1444 1136 1477 ergo
1160 1432 1351 1478 Epicurus
1375 1436 1506 1469 ineru-

339 1494 456 1538 ditus,
485 1493 555 1530 sed
582 1496 608 1530 ii
635 1493 786 1530 indocti
812 1496 879 1539 qui
906 1507 1006 1539 quae
1037 1507 1179 1540 pueros
1210 1508 1290 1531 non
1321 1495 1504 1532 didicisse

338 1562 453 1602 turpe
483 1561 544 1593 est
570 1569 616 1593 ea
642 1561 786 1602 putant
813 1569 935 1602 usque
966 1556 1016 1593 ad
1047 1562 1297 1594 senectutem
1328 1571 1412 1595 esse
1446 1559 1504 1595 di-

336 1619 519 1656 scenda.’'
579 1618 691 1664 Quae
721 1633 811 1656 cum
840 1619 1017 1666 dixisset,
1052 1611 1325 1666 “Explicavi,''
1362 1624 1504 1667 inquit,

338 1673 613 1719 “sententiam
650 1696 780 1719 meam
819 1687 860 1719 et
899 1695 946 1720 eo
985 1683 1146 1728 quidem
1185 1683 1359 1729 consilio,
1391 1689 1502 1721 tuum

336 1745 525 1782 iudicium
551 1750 596 1781 ut
624 1758 915 1791 cognoscerem,
941 1758 1041 1792 quae
1068 1746 1165 1783 mihi
1192 1746 1371 1792 facultas,
1395 1751 1440 1783 ut
1463 1747 1503 1784 id

335 1820 425 1844 meo
454 1808 642 1843 arbitratu
670 1808 854 1853 facerem,
881 1811 975 1845 ante
1002 1807 1077 1845 hoc
1104 1813 1262 1854 tempus
1289 1822 1502 1854 numquam

335 1874 397 1906 est
420 1869 549 1906 data.”

443 2040 492 2076 74
