1574 2364
590 143 784 181 CICERO
816 143 890 180 DE
922 143 1139 182 FINIBUS

342 223 442 260 Mihi
463 236 530 260 sex
552 236 708 260 menses
730 226 823 260 satis
844 228 937 260 sunt
956 226 1081 267 vitae3
1105 225 1317 269 septimum
1343 223 1447 261 Orco

393 278 579 324 spondeo.

290 369 370 405 [am
392 368 535 405 doloris
556 368 847 405 medicamenta
867 368 934 405 illa
961 368 1155 414 Epicurea
1178 373 1380 414 tamquam
1401 368 1451 405 de

289 432 492 468 narthecio
529 437 736 478 proment:
776 422 842 469 ‘Si
875 434 1016 477 gravis,
1049 433 1197 468 brevis:
1232 434 1264 468 si
1297 431 1453 477 longus,

287 495 408 532 levis.’
469 495 604 532 Unum
623 497 769 539 nescio,
791 494 988 540 quomodo
1018 497 1151 540 possit,
1174 497 1204 531 si
1232 494 1453 531 luxui-iosus

289 562 353 603 sit,
374 558 503 594 finitas
524 557 763 603 cupiditates
783 557 942 594 habere.

210 626 258 659 23
344 621 456 657 VIII.
490 612 632 666 “Quid
653 633 747 666 ergo
767 623 914 657 attinet
941 620 1093 657 dicere:
1115 612 1242 656 ‘Nihil
1266 619 1454 655 haberem

290 684 394 730 quod
419 684 714 730 reprenderem,
736 686 767 720 si
794 683 922 720 finitas
950 684 1189 729 cupiditates
1216 681 1453 719 haberent?

292 747 381 783 Hoc
417 751 478 784 est
508 747 661 783 dicere:
693 738 805 782 ‘Non
836 746 1121 792 reprenderem
1154 750 1283 782 asotos
1314 747 1345 781 si
1376 757 1456 781 non

292 815 425 847 essent
445 810 569 846 asoti.‘
632 809 712 846 Isto
733 809 851 846 modo
871 822 922 846 ne
943 809 1142 855 improbos
1162 808 1324 854 quidem
1345 811 1375 844 si
1397 821 1456 844 es-

291 879 382 911 sent
414 874 506 909 boni
528 875 608 909 viri.
671 873 750 908 Hic
782 872 900 908 homo
928 885 1086 909 severus
1113 872 1307 908 luxuriam
1333 874 1456 916 ipsam

294 950 364 984 per
384 950 424 973 se
446 936 764 982 reprendendam
792 949 871 972 non
899 940 1024 981 putat.
1086 935 1139 971 Et
1167 934 1341 979 hercule,
1363 934 1458 970 Tor-

293 1006 424 1045 quate,
446 1005 491 1036 ut
512 1013 647 1036 verum
673 1000 892 1044 loquamur,
914 1002 945 1035 si
966 1011 1162 1035 summum
1182 998 1330 1034 bonum
1350 997 1457 1033 volu-

295 1069 380 1109 ptas
411 1068 484 1109 est,
514 1065 733 1099 rectissime
762 1074 843 1098 non
877 1066 1002 1107 putat.
1062 1061 1197 1097 Nolim
1226 1063 1332 1097 enim
1361 1060 1458 1096 mihi

294 1127 443 1171 fingere
463 1130 604 1171 asotos,
626 1130 672 1162 ut
699 1124 846 1169 soletis,
868 1127 933 1170 qui
964 1127 1003 1160 in
1031 1137 1208 1160 mensam
1229 1128 1388 1160 vomant
1417 1127 1459 1159 et

294 1193 362 1236 qui
400 1189 450 1226 de
485 1192 672 1226 conviviis
709 1188 940 1225 auferantur
974 1187 1162 1233 crudique
1193 1187 1382 1233 postridie
1417 1198 1458 1223 se

295 1266 425 1290 rursus
445 1255 708 1298 ingurgitent,
726 1254 792 1297 qui
819 1251 954 1296 solem,
975 1256 1020 1287 ut
1040 1253 1163 1296 aiunt,
1183 1262 1258 1286 nec
1278 1249 1460 1286 occiden-

297 1322 379 1353 tem
399 1329 586 1362 umquam
607 1315 781 1351 viderint
808 1328 881 1351 nec
902 1317 1110 1359 orientem,
1132 1316 1199 1359 qui
1219 1315 1462 1358 consumptis

297 1382 542 1426 patrimoniis
577 1384 733 1424 egeant.
794 1378 923 1414 Nemo
954 1382 1132 1413 nostrum
1163 1379 1275 1413 istius
1305 1377 1463 1421 generis

297 1448 426 1479 asotos
464 1442 636 1479 iucunde
671 1447 786 1487 putat
821 1444 962 1477 vivere.
1023 1439 1209 1484 Mundos,
1243 1439 1462 1484 elegantes,

297 1509 456 1553 optimis
477 1508 591 1549 cocis,
613 1505 836 1550 pistoribus,
857 1507 1022 1549 piscatu,
1039 1505 1219 1548 aucupio,
1234 1504 1459 1545 venatione,

299 1570 357 1606 liis
388 1569 570 1605 omnibus
602 1570 819 1613 exquisitis,
841 1569 1014 1603 vitantes
1046 1566 1297 1610 eruditatem,
1318 1564 1459 1610 quibus

298 1624 452 1668 ‘vinum
468 1631 651 1668 defusum
673 1644 694 1667 e
715 1630 833 1676 pleno
854 1623 950 1674 sit,†
972 1621 1164 1665 hirsizon¹
1185 1619 1249 1671 (ut
1268 1630 1323 1664 ait
1345 1627 1460 1663 Luci—

298 1688 389 1739 lius)
410 1698 471 1731 cui
492 1694 590 1730 nihil
612 1693 706 1730 dum
728 1696 779 1730 sit
794 1696 850 1729 vis
875 1697 916 1729 et
941 1691 1116 1728 sacculus
1136 1690 1369 1731 abstulerit,’
1392 1689 1460 1726 ad-

344 1797 357 1816 1
381 1797 541 1831 hirsizon,
560 1795 747 1835 lzirsyplzon
764 1804 804 1825 or
819 1795 880 1825 the
902 1794 984 1829 like,
1003 1793 1114 1828 MSS„
1132 1792 1203 1824 and
1227 1792 1283 1823 for
1305 1791 1387 1822 tiu-m
1411 1792 1456 1823 sit

302 1850 399 1871 some
416 1841 508 1871 have
524 1838 680 1877 dempsit,
706 1837 899 1876 dempserit,
924 1835 1083 1877 χρυσίζων
1108 1834 1165 1874 (sc.
1191 1833 1283 1874 οἶνος)
1311 1835 1456 1866 Martha

306 1883 487 1922 (chrismon
512 1880 627 1920 Marx)
644 1890 649 1915 ;
675 1880 748 1911 and
771 1880 826 1910 for
847 1878 892 1910 sit
909 1880 971 1914 viS,
990 1878 1117 1909 situlus
1137 1876 1159 1917 (¹
1173 1886 1241 1908 une
1258 1878 1415 1918 passoire
1430 1878 1452 1918 ’)

302 1925 446 1957 Martha.
460 1924 550 1955 with
565 1923 725 1954 Schiche.

773 2050 788 2063 υ
804 2040 856 2071 Cf.
878 2041 891 2070 I
909 2042 923 2080 ξ
940 2049 994 2079 40.

413 2089 485 2125 106
