1574 2364
235 210 284 242 43

243 1412 292 1443 44

622 125 816 162 CICERO
849 125 922 162 DE
953 126 1171 164 FINIBUS

315 219 481 251 quorum
511 207 595 242 sine
626 217 741 241 causa
776 204 859 241 fieri
894 205 992 241 nihil
1026 206 1249 251 putandum
1277 211 1347 243 est.
1408 207 1480 244 Est

315 273 422 306 enim
443 273 583 304 natura
604 271 658 304 sic
679 273 871 312 generata
891 271 947 304 vis
974 268 1144 305 hominis
1172 275 1218 305 ut
1243 269 1294 306 ad
1321 283 1481 306 omnem

317 335 505 368 virtutem
537 330 834 376 percipiendam
868 330 972 366 facta
1005 331 1198 377 videatur,
1229 332 1279 368 ob
1314 345 1479 378 eamque

317 408 470 431 causam
510 397 617 439 parvi
657 396 849 430 virtutum
889 394 1103 430 simulacris
1143 408 1307 439 quarum
1353 398 1394 431 in
1438 408 1480 432 se

316 458 467 494 habent
494 459 643 493 semina
670 459 753 493 sine
782 457 961 492 doctrina
991 463 1220 502 moventur3
1251 463 1344 494 sunt
1376 461 1482 495 enim

318 524 441 567 prima
463 520 663 556 elementa
684 525 862 564 naturae,
884 520 1024 564 quibus
1045 524 1170 557 auctis
1192 523 1347 557 virtutis
1372 524 1481 566 quasi

316 576 502 629 germen¹
527 583 702 619 efficitur.
764 583 865 618 Nam
887 596 975 618 cum
997 586 1050 619 ita
1066 586 1149 619 nati
1167 584 1340 629 factique
1362 587 1481 620 Simus

319 652 362 683 ut
384 651 425 682 et
445 645 590 690 agendi
611 645 759 690 aliquid
782 650 823 681 et
843 645 1037 689 diligendi
1064 646 1214 691 aliquos
1242 651 1284 683 et
1310 647 1480 682 liberali-

317 708 410 741 tatis
432 709 473 740 et
494 703 727 740 referendae
748 706 898 748 gratiae
916 706 1105 749 principia
1122 707 1160 739 in
1178 705 1289 741 nobis
1303 708 1480 741 contine-

318 776 448 799 remus
468 768 587 807 atque
608 762 657 798 ad
679 764 897 806 scientiam,
919 762 1184 807 prudentiam,
1205 763 1481 799 fortitudinem

317 827 429 867 aptos
441 824 590 856 animos
605 820 838 856 haberemus
854 833 875 855 a
892 823 1172 865 contrariisque
1189 822 1305 857 rebus
1320 821 1481 865 alienos,

317 893 396 916 non
418 883 500 915 sine
522 892 636 915 causa
658 891 722 915 eas
743 891 837 923 quas
858 878 938 914 dixi
959 882 998 914 in
1019 882 1149 924 pueris
1166 882 1355 916 virtutum
1372 882 1480 925 quasi

319 938 507 974 scintillas
529 937 719 981 videmus,
743 950 763 972 e
785 937 924 981 quibus
944 937 1107 973 accendi
1132 937 1355 983 philosophi
1382 941 1481 974 ratio

320 997 454 1040 debet,
487 1001 532 1032 ut
564 1008 650 1031 eam
682 997 791 1040 quasi
826 995 945 1031 deum
979 995 1121 1031 ducem
1156 996 1398 1041 subsequens
1431 996 1481 1032 ad

319 1060 482 1091 naturae
515 1056 720 1099 perveniat
752 1058 984 1089 extremum.
1045 1054 1147 1090 Nam
1181 1059 1226 1090 ut
1256 1067 1373 1100 saepe
1404 1057 1480 1091 iam

320 1114 399 1149 dixi
418 1117 456 1148 in
474 1112 625 1148 infirma
640 1116 772 1148 aetate
789 1111 1064 1157 imbecillaque
1084 1117 1220 1149 mente
1242 1115 1298 1149 vis
1318 1118 1482 1149 naturae

320 1174 427 1217 quasi
448 1184 518 1216 per
534 1170 742 1214 caliginem
760 1172 953 1213 cernitur;
974 1183 1062 1206 cum
1078 1176 1212 1207 autem
1228 1171 1484 1216 progrediens

321 1230 573 1266 confirmatur
611 1232 777 1273 animus,
810 1231 989 1272 agnoscit
1024 1229 1090 1265 ille
1125 1229 1285 1274 quidem
1319 1235 1483 1266 naturae

322 1292 413 1333 vim,
443 1287 512 1324 sed
543 1290 597 1323 ita
627 1292 671 1323 ut
700 1287 884 1332 progredi
914 1290 1037 1332 possit
1066 1287 1234 1332 longius,
1264 1301 1334 1333 per
1362 1301 1403 1325 se
1434 1292 1484 1325 sit

322 1338 501 1384 tantum?
521 1345 713 1381 inchoata.

378 1404 483 1440 XVI.
517 1395 791 1439 “Intrandum
812 1406 933 1448 igitur
954 1408 1014 1439 est
1036 1406 1075 1438 in
1096 1417 1227 1440 rerum
1248 1410 1427 1441 naturam
1446 1410 1487 1442 et

325 1467 483 1510 penitus
511 1462 604 1507 quid
627 1475 670 1497 ea
699 1461 875 1507 postulet
902 1461 1214 1506 pervidendum3
1245 1463 1360 1499 aliter
1381 1466 1486 1499 enim

325 1526 481 1559 nosmet
497 1523 599 1566 ipsos
615 1533 728 1555 nosse
745 1533 824 1555 non
841 1532 1055 1565 possumus.
1093 1519 1210 1565 Quod
1230 1526 1487 1566 praeceptum

326 1583 416 1626 quia
435 1582 558 1615 maius
574 1583 659 1615 erat
679 1591 795 1623 quam
816 1583 861 1613 ut
876 1578 924 1613 ab
942 1578 1100 1614 homine
1116 1579 1329 1623 videretur,
1343 1579 1487 1616 idcirco

326 1641 569 1683 assignatum
589 1641 649 1672 est
670 1636 755 1672 deo.
799 1635 915 1672 Iubet
936 1639 1056 1680 igitur
1071 1650 1141 1673 nos
1164 1637 1328 1681 Pythius
1345 1637 1487 1683 Apollo

327 1709 489 1734 noscere
510 1700 667 1731 nosmet
688 1697 814 1740 ipsos3
844 1698 1018 1739 cognitio
1045 1700 1179 1731 autem
1206 1695 1303 1732 haec
1331 1701 1391 1732 est
1411 1709 1487 1732 una

327 1758 450 1792 nostri
470 1759 515 1790 ut
541 1756 619 1789 vim
644 1755 815 1798 corporis
839 1756 1038 1797 animique
1063 1756 1236 1789 norimus
1263 1767 1488 1799 sequamur-

327 1827 404 1860 que
426 1826 512 1849 eam
534 1815 654 1848 vitam
671 1824 771 1856 quae
787 1811 905 1847 rebus
922 1806 990 1847 iis3
1006 1811 1241 1856 perfruatur.

370 1883 531 1926 ²germen
548 1882 760 1919 Gronovius
781 1881 894 1918 Mdv.;
919 1894 1057 1914 carmen
1075 1882 1174 1914 MSS.

373 1929 385 1947 ²
399 1931 538 1958 tantum
555 1926 668 1962 Mdv.;
684 1928 800 1956 tamen
819 1925 920 1956 MSS.

372 1971 384 1991 ³
399 1971 494 2001 rebus
510 1970 556 2000 iis
572 1968 698 1999 Miiller
714 1969 782 2009 (cp.
802 1969 818 2006 §
833 1969 875 2008 46
891 1969 961 1998 and
981 1969 1040 2005 IV,
1061 1969 1111 2006 28,
1129 1973 1276 2009 utraque
1295 1968 1345 2008 re)
1362 1981 1369 2006 ;
1396 1969 1492 2001 rebus

341 2015 411 2053 hijs
428 2014 467 2050 B,
482 2014 529 2049 E;
553 2012 651 2043 rebus
669 2012 754 2053 ipsis
770 2011 828 2042 inf.
850 2011 950 2041 MSS.
972 2023 979 2047 ;
1005 2009 1128 2053 [rebus]
1147 2013 1193 2042 iis
1211 2012 1305 2043 Mdv.

437 2068 513 2099 442
