1574 2364
619 142 814 179 CICERO
846 141 920 178 DE
951 141 1169 179 FINIBUS

312 235 429 267 quam
460 235 481 258 a
514 221 650 258 Stasea
689 221 935 258 dicebantur.
996 220 1245 266 Quamquam
1285 233 1359 266 ego
1398 233 1476 257 non

313 290 457 322 quaero
474 276 569 322 quid
584 276 656 312 tibi
673 289 694 311 a
710 289 773 312 me
794 276 1003 321 probatum
1024 278 1088 321 sit,
1105 276 1174 312 sed
1192 275 1282 312 huic
1299 276 1476 312 Ciceroni

313 336 459 375 nostro,
479 344 597 376 quem
618 330 853 376 discipulum
874 333 989 376 cupio
1009 344 1031 366 a
1050 335 1091 367 te
1111 330 1348 367 abduce1·e.”

367 386 512 422 XXVI.
544 385 645 422 Tum
678 386 840 421 Lucius:
871 376 1007 421 “Mihi
1034 398 1126 422 vero
1151 388 1226 422 ista
1253 385 1366 422 valde
1388 398 1474 430 pro-

313 441 404 477 bata
424 445 529 485 sunt,
550 441 655 485 quod
676 443 774 477 item
794 440 905 476 fratri
926 440 1062 486 puto.'’
1121 440 1221 476 Tum
1241 440 1339 476 mihi
1368 440 1474 476 Piso:

315 487 455 541 “Quid
483 495 633 540 ergo?‘'
663 498 812 540 inquit;
844 486 998 531 “dasne
1022 495 1270 532 adulescenti
1294 496 1473 531 veniam?

313 564 362 586 an
391 564 481 587 eum
508 550 659 587 discere
687 563 733 586 ea
761 552 883 586 mavis
912 563 1011 595 quae
1041 563 1130 586 cum
1157 550 1274 596 plane
1301 550 1473 595 perdidi-

314 608 413 642 cerit
437 605 533 641 nihil
559 605 713 642 sciat?”
774 596 893 649 ‘Ego
918 618 1009 641 vero
1033 605 1122 649 isti’
1129 606 1332 650 'inquam,
1386 618 1473 650 per-

313 664 449 704 mitto3
479 660 548 697 sed
569 673 701 696 nonne
721 662 937 696 meministi
957 660 1077 696 licere
1098 660 1194 696 mihi
1214 663 1288 696 ista
1307 660 1472 706 probare

313 729 413 760 quae
434 720 526 751 sunt
546 729 568 750 a
588 720 628 752 te
645 715 774 751 dicta?
822 714 920 759 Quis
937 717 1043 751 enim
1059 720 1192 760 potest
1208 728 1253 751 ea
1268 728 1368 760 quae
1385 728 1472 760 pro-

313 771 457 806 babilia
486 770 696 806 videantur
725 762 783 806 eil
814 783 893 806 11011
925 770 1146 815 probare?’'
1207 761 1305 806 “An
1341 770 1471 814 vero,''

313 828 454 871 inquit,
476 816 714 870 “quisquam
744 829 876 870 potest
904 825 1068 869 probare
1096 824 1200 870 quod
1228 830 1472 870 perceptum,

313 880 418 925 quod
448 879 789 925 comprehensum,
817 880 921 924 quod
952 882 1154 925 cognitum
1184 893 1263 916 non
1293 879 1471 916 habet?’'

315 927 439 971 “Non
474 940 534 971 est
568 935 681 979 ista,”
717 938 891 980 inquam,
921 925 1056 980 “Piso,
1091 948 1234 980 magna
1267 935 1468 971 dissensio.

314 990 422 1026 Nihil
444 995 505 1026 est
529 992 635 1026 6111111
658 989 765 1026 aliud
792 990 1048 1034 quamobrem
1073 990 1171 1025 mihi
1197 993 1346 1035 percipi
1373 989 1472 1026 nihil

313 1058 425 1090 posse
446 1045 626 1081 videatur
646 1047 720 1081 nisi
740 1044 845 1090 quod
866 1045 1111 1090 percipiendi
1132 1047 1187 1081 vis
1208 1048 1263 1081 ita
1286 1044 1473 1081 definitur

311 1114 333 1136 a
353 1101 494 1137 Stoicis
515 1105 559 1136 ut
579 1104 731 1144 negent
751 1099 965 1145 quidquam
986 1113 1099 1145 posse
1121 1102 1270 1145 percipi
1294 1102 1368 1136 nisi
1391 1100 1471 1136 tale

311 1169 445 1191 verum
475 1154 589 1200 quale
617 1154 757 1191 falsum
787 1167 871 1191 esse
899 1167 978 1190 non
1010 1157 1143 1200 possit.
1203 1154 1343 1200 Itaque
1374 1154 1472 1191 haec

310 1223 399 1246 cum
420 1210 494 1246 illis
516 1215 577 1246 est
596 1209 798 1254 dissensio,
820 1223 909 1245 cum
935 1209 1208 1255 Peripateticis
1232 1210 1340 1246 nulla
1363 1222 1467 1246 sane.

310 1265 389 1302 Sed
410 1265 506 1301 haec
526 1267 775 1307 omittamus;
804 1264 954 1300 habent
978 1268 1084 1301 enim
1112 1269 1154 1301 et
1181 1265 1283 1301 bene
1310 1264 1468 1309 longam

311 1325 352 1356 et
382 1322 475 1356 satis
507 1319 718 1364 litigiosam
749 1319 1081 1364 disputationem3
1111 1319 1209 1355 illud
1243 1319 1340 1355 mihi
1374 1333 1395 1355 a
1430 1324 1470 1355 te

308 1377 474 1411 nimium
495 1374 733 1411 festinanter
753 1374 904 1410 dictum
925 1374 1094 1417 videtur,
1116 1377 1315 1419 sapientes
1336 1387 1471 1410 omncs

309 1443 393 1467 esse
414 1442 570 1474 semper
590 1430 736 1465 beatos.
797 1429 940 1465 Nescio
956 1429 1152 1474 quomodo
1168 1429 1472 1474 praetervolavit

307 1487 441 1521 oratio.
501 1484 619 1529 Quod
648 1486 723 1520 nisi
752 1486 807 1519 ita
837 1484 1015 1528 efficitur,
1045 1497 1145 1529 quae
1175 1484 1471 1530 Theophrastus

307 1540 357 1576 de
378 1540 548 1583 fortuna,
565 1539 615 1575 de
637 1539 785 1583 dolore,
802 1538 851 1575 de
873 1541 1047 1575 cruciatu
1065 1541 1235 1584 corporis
1252 1539 1365 1584 dixit,
1382 1552 1470 1576 cum

306 1595 446 1639 quibus
481 1597 666 1639 coniungi
701 1597 822 1630 vitam
862 1594 1021 1630 beatam
1059 1593 1168 1630 nullo
1207 1594 1324 1631 modo
1358 1606 1470 1639 posse

350 1698 409 1728 ἐἰ
426 1698 539 1732 MSS..
559 1698 655 1733 edd.;
680 1708 719 1728 ea
745 1702 814 1728 two
839 1697 897 1728 inf.
927 1697 1047 1735 MSS.;
1073 1698 1227 1739 perhaps
1245 1701 1358 1739 polest
1381 1708 1469 1739 quae

302 1741 496 1782 probabilia
512 1741 581 1770 sibi
597 1741 789 1771 videantur
799 1751 839 1771 ca
858 1740 911 1771 ed.

345 1857 402 1886 8Α
419 1855 595 1886 reference
619 1859 656 1894 to
679 1856 737 1886 the
762 1856 963 1896 scepticism
987 1856 1027 1887 of
1046 1857 1103 1887 the
1129 1856 1218 1887 New
1234 1856 1416 1897 Academy
1433 1856 1472 1887 of

304 1900 482 1930 Arcesilas
494 1899 565 1929 and
578 1898 802 1935 Carneades;
820 1899 911 1929 their
921 1899 1111 1937 doctrines,
1122 1900 1198 1930 that
1210 1900 1384 1940 certainty
1393 1910 1467 1930 was

303 1942 547 1973 unattainable
563 1941 633 1972 and
658 1942 734 1972 that
760 1942 971 1973 reasonable
996 1942 1212 1983 probability
1228 1953 1304 1974 was
1327 1953 1350 1973 a
1374 1942 1467 1973 suffi-

303 1986 393 2016 cient
411 1984 518 2025 guide
535 1984 589 2015 for
604 1984 672 2021 life,
692 1995 752 2015 are
770 1984 918 2016 avowed
935 1984 980 2026 by
999 1985 1124 2017 Cicero
1147 1985 1179 2016 in
1204 1986 1262 2017 the
1286 1985 1467 2026 following

304 2032 499 2059 sentences.

409 2081 485 2114 478
