1574 2364
195 233 242 265 10

200 1305 241 1336 11

584 147 780 182 CICERO
812 147 886 181 DE
917 145 1136 182 FINIBUS

327 227 401 263 III.
433 226 535 262 Tum
555 225 643 261 ille:
666 215 689 231 ‘⁶
700 224 759 260 Tu
780 229 915 261 autem
936 238 1025 260 cum
1046 227 1129 270 ipse
1151 229 1309 261 tantum
1324 223 1437 259 libro-

273 316 359 339 rum
379 301 539 345 habeas,
561 313 657 345 quos
677 299 742 335 hic
769 299 934 335 tandem
954 299 1176 344 requiris?”
1200 290 1440 334 “Commen-

273 377 392 410 tarios
427 371 656 418 quosdam,”
699 373 872 416 inquam,
913 361 1206 415 “Aristotelios,
1246 383 1342 415 quos
1380 368 1442 405 hic

274 445 446 481 sciebam
472 456 571 488 esse,
593 446 683 479 veni
710 447 755 478 ut
779 442 991 487 auferrem,
1017 455 1113 487 quos
1140 442 1319 487 legerem
1348 441 1442 477 dum

275 529 403 552 essem
432 518 600 557 otiosus;
631 513 736 559 quod
766 513 928 558 quidem
955 514 1068 549 nobis
1097 526 1177 549 non
1206 526 1324 558 saepe
1354 525 1444 548 con-

274 586 434 632 tingit.”
496 576 518 592 ‘⁶
533 585 663 631 Quam
699 585 882 629 vellem,”
918 587 1061 630 inquit,
1097 575 1121 591 “
1134 590 1175 621 te
1209 584 1259 620 ad
1295 583 1444 620 Stoicos

275 658 563 694 inclinavisses!
622 657 718 692 Erat
739 659 858 701 enim,
880 659 910 692 si
939 659 1180 701 cuiusquam,
1203 661 1311 691 certe
1332 660 1443 691 tuum

275 729 374 765 nihil
399 734 558 774 praeter
577 730 768 764 virtutem
788 730 829 762 in
852 728 964 763 bonis
991 727 1176 763 duee1·e.’'
1235 717 1259 733 “
1274 725 1373 761 Vide
1396 738 1444 761 ne

274 803 413 845 magis,
435 803 609 845 inquam,
631 804 744 835 tuum
767 799 898 843 fuerit,
921 812 1010 834 cum
1039 812 1079 834 re
1108 799 1212 834 idem
1241 798 1313 834 tibi
1342 796 1444 842 quod

275 871 374 908 mihi
394 871 609 915 videretur,
630 883 710 906 non
730 883 831 905 nova
850 875 891 906 te
913 870 1029 906 rebus
1049 872 1209 905 nomina
1229 872 1442 914 imponere.

278 943 392 979 Ratio
414 945 520 979 euim
542 947 676 978 nostra
703 944 916 984 consentit,
937 946 1090 986 pugnat
1110 941 1273 976 oratio.”
1332 931 1354 946 ‘⁴
1372 940 1446 975 Mi-

276 1017 382 1050 nime
404 1013 534 1058 vero,''
557 1015 687 1058 inquit
706 1012 787 1057 ille,
809 1003 1055 1048 “consentit.
1116 1011 1321 1056 Quidquid
1342 1014 1446 1047 enim

276 1090 434 1131 praeter
454 1085 493 1120 id
516 1084 621 1129 quod
644 1075 855 1120 honestum
875 1086 926 1120 sit
943 1083 1214 1128 expetendum
1232 1096 1316 1119 esse
1338 1082 1447 1118 dixe-

276 1160 328 1193 ris
366 1159 407 1192 in
442 1156 634 1200 bonisque
673 1157 952 1199 numeraveris,
983 1160 1025 1190 et
1058 1154 1270 1190 honestum
1306 1157 1447 1199 ipsum,

278 1230 387 1273 quasi
410 1229 565 1263 virtutis
586 1226 734 1269 lumen,
757 1228 994 1262 exstinxeris
1015 1231 1057 1262 et
1077 1228 1265 1261 virtutem
1288 1228 1447 1270 penitus

277 1298 505 1336 everte1·is.”
565 1288 588 1304 ‘⁶
603 1297 801 1333 Dicuntur
839 1299 928 1341 ista,
960 1296 1069 1341 Cato,
1104 1296 1352 1341 magnifice‚”
1388 1299 1447 1332 in·-

279 1378 415 1411 quam;
456 1355 479 1371 ‘¹
493 1364 563 1401 sed
602 1364 764 1400 videsne
804 1363 1012 1399 verborum
1051 1363 1216 1408 gloriam
1251 1363 1324 1399 tibi
1358 1375 1448 1398 cum

282 1432 482 1477 Pyrrhone
516 1436 557 1467 et
592 1444 682 1466 cum
717 1430 917 1474 Aristone,
949 1432 1015 1474 qui
1049 1433 1179 1465 omnia
1212 1434 1447 1473 exaequant,

280 1512 365 1535 esse
383 1498 659 1534 communem?
677 1496 726 1533 de
744 1497 884 1541 quibus
902 1500 1016 1541 cupio
1033 1499 1131 1532 scire
1148 1496 1242 1541 quid
1259 1495 1444 1531 sentias.’'

279 1557 302 1573 “
316 1566 453 1610 Egone
471 1564 663 1610 quaeris‚'’
686 1566 829 1608 inquit,
852 1554 875 1569 ‘⁶
888 1563 982 1608 quid
999 1563 1191 1599 sentiam?
1213 1576 1308 1607 quos
1325 1563 1447 1598 bonos

279 1636 393 1676 viros,
414 1631 550 1675 fortes,
571 1634 708 1674 iustos,
731 1629 957 1666 moderatos
986 1635 1054 1665 aut
1084 1629 1303 1665 audivimus
1334 1633 1373 1664 in
1404 1642 1445 1665 re

278 1698 435 1745 publica
455 1697 574 1733 fuisse
595 1701 663 1732 aut
683 1699 756 1741 ipsi
777 1696 957 1739 vidimus,
973 1699 1037 1740 qui
1055 1699 1138 1731 sine
1161 1696 1239 1732 ulla
1255 1696 1447 1738 doctriua,

278 1770 460 1802 naturam
482 1766 605 1808 ipsam
626 1765 765 1806 secuti,
785 1762 911 1798 multa
930 1762 1142 1797 laudabilia
1164 1761 1359 1806 fecerunt,
1381 1775 1446 1798 eos

278 1831 418 1868 melius
439 1844 461 1865 a
480 1834 621 1865 natura
640 1831 843 1864 institutos
861 1828 979 1864 fuisse
993 1842 1110 1873 quam
1124 1831 1277 1864 institui
1298 1831 1445 1873 potuis-

279 1903 368 1935 sent
380 1910 402 1932 a
418 1894 678 1942 philosophia,
691 1897 722 1930 si
738 1894 859 1930 ullam
872 1895 988 1930 aliam
1005 1895 1276 1939 probavissent
1290 1900 1447 1939 praeter

279 1977 366 2002 eam
387 1975 486 2008 quae
507 1961 606 1997 nihil
629 1960 734 1996 aliud
749 1963 788 1996 in
809 1961 921 1996 bonis
943 1961 1109 1996 haberet
1125 1964 1198 1996 nisi
1221 1961 1447 2005 honestum,

281 2030 380 2067 nihil
397 2032 470 2065 nisi
483 2033 600 2073 turpe
614 2030 654 2063 in
667 2026 798 2069 malis;
820 2032 977 2063 ceterae
994 2026 1317 2072 philosophorum
1333 2026 1448 2063 disci-

668 2125 673 2128 ·
714 2128 729 2142 ε
745 2120 797 2150 Cf.
817 2120 858 2150 V.
881 2128 933 2151 12.

381 2165 457 2204 226
