1574 2364
202 912 249 944 35

591 146 787 183 CICERO
819 145 893 182 DE
924 146 1142 185 FINIBUS

282 229 464 271 corporis.
526 225 684 262 Deinde
711 225 751 262 id
780 239 936 271 quoque
964 226 1155 272 videmus,
1189 232 1230 264 et
1262 231 1317 263 ita
1349 228 1446 272 figu-

283 310 411 341 ratum
433 317 571 350 corpus
593 309 638 341 ut
658 304 828 341 excellat
842 304 940 350 aliis,
958 307 1211 351 animumque
1229 309 1284 342 ita
1301 308 1444 342 consti-

282 389 415 420 tutum
432 389 476 420 ut
497 389 539 420 et
559 384 738 420 sensibus
758 386 974 421 instructus
1003 387 1055 421 sit
1084 389 1126 421 et
1157 384 1303 422 habeat
1335 398 1444 430 prae·

282 461 469 495 stantiam
490 461 636 495 inentis
663 461 725 494 cui
752 463 837 495 tota
863 458 1032 496 hominis
1060 464 1201 496 natura
1228 466 1376 506 pareat,
1406 463 1445 497 in

283 547 358 578 qua
379 536 430 570 sit
450 533 638 570 mirabilis
658 533 852 579 quaedam
873 537 929 570 vis
950 537 1112 571 rationis
1138 540 1180 572 et
1207 538 1444 581 cognitionis

283 613 324 644 et
343 611 534 645 scientiae
554 611 826 653 virtutumque
847 611 1034 645 omnium.
1069 609 1170 646 Nam
1191 622 1291 655 quae
1308 623 1443 656 corpo-

282 686 333 720 ris
366 688 459 719 sunt
491 696 537 719 ea
568 695 642 719 nec
674 686 952 720 auctoritatem
989 696 1077 720 cum
1111 686 1232 720 animi
1267 685 1444 730 partibus

281 757 584 803 comparandam
632 762 674 794 et
713 760 982 803 cognitionem
1022 758 1173 796 habent
1211 758 1441 797 faciliorem.

284 832 423 877 Itaque
444 832 493 868 ab
513 831 573 869 his
594 832 801 869 ordiamur.

335 898 550 952 “Corporis
582 910 703 952 igitur
734 910 857 944 nostri
892 913 1024 953 partes
1056 913 1220 954 totaque
1251 909 1372 954 figura
1403 914 1444 946 et

281 983 405 1019 forma
426 987 468 1019 et
488 987 638 1018 statura
659 995 776 1027 quam
797 987 889 1028 apta
909 983 959 1019 ad
980 989 1161 1020 naturam
1188 987 1239 1021 sit
1268 989 1445 1030 apparet,

280 1071 410 1103 neque
433 1062 493 1093 est
514 1057 678 1093 dubium
699 1060 794 1102 quin
815 1057 935 1103 frons,
952 1058 1067 1103 oculi,
1085 1072 1197 1096 aures
1215 1064 1256 1096 et
1271 1059 1446 1105 reliquae

281 1137 411 1178 partes
433 1131 568 1177 quales
589 1134 768 1177 propriae
790 1135 870 1168 sint
890 1132 1060 1170 hominis
1075 1134 1352 1179 intellegatur;
1374 1135 1443 1171 sed

280 1212 387 1243 certe
406 1220 502 1252 opus
523 1212 584 1243 est
607 1220 651 1243 ea
673 1207 802 1243 valere
825 1212 867 1243 et
887 1211 1021 1253 vigere
1043 1214 1084 1245 et
1099 1209 1298 1246 naturales
1313 1215 1443 1247 motus

281 1295 449 1327 ususque
471 1281 631 1325 habere,
653 1287 697 1317 ut
718 1295 792 1318 nec
812 1283 914 1319 absit
931 1283 1025 1327 quid
1043 1296 1177 1320 eorum
1195 1297 1268 1320 nec
1284 1297 1445 1329 aegrum

280 1356 582 1393 debilitatumve
604 1358 664 1392 sit.
728 1356 774 1392 Id
803 1359 908 1392 enim
937 1362 1076 1393 natura
1104 1358 1314 1395 desiderat.
1375 1359 1446 1396 Est

280 1436 414 1468 autem
436 1433 556 1467 etiam
577 1433 679 1466 actio
701 1430 895 1475 quaedam
917 1434 1087 1476 corporis
1115 1445 1216 1476 quae
1244 1438 1375 1469 motus
1405 1437 1446 1469 et

280 1511 405 1543 status
446 1510 609 1541 naturae
650 1510 916 1549 congruentes
957 1510 1097 1549 tenet3
1145 1509 1185 1542 in
1232 1507 1372 1552 quibus
1411 1510 1442 1544 si

280 1585 468 1627 peccetur
505 1579 740 1616 distortione
781 1584 823 1616 et
861 1579 1144 1625 depravatione
1191 1581 1359 1626 quadam
1399 1594 1442 1619 ac

278 1661 389 1693 motu
411 1659 566 1692 statuve
588 1654 769 1698 deformi,
792 1659 836 1690 ut
856 1657 887 1690 si
907 1659 977 1691 aut
996 1655 1177 1692 manibus
1198 1656 1443 1701 ingrediatur

279 1733 364 1776 quis
385 1734 453 1766 aut
473 1742 552 1765 non
573 1734 666 1765 ante
689 1729 758 1765 sed
780 1734 899 1774 retro,
920 1729 1059 1774 fugere
1080 1730 1197 1775 plane
1223 1744 1264 1767 se
1291 1733 1374 1776 ipse
1402 1735 1443 1768 et

279 1806 480 1842 hominem
501 1817 649 1840 exuens
667 1817 714 1839 ex
731 1803 891 1840 homine
908 1809 1088 1840 naturam
1104 1804 1232 1842 odisse
1248 1805 1439 1842 videatur.

280 1879 547 1926 Quamobrem
569 1881 688 1915 etiam
710 1880 901 1915 sessiones
923 1879 1116 1923 quaedam
1138 1884 1180 1916 et
1200 1879 1289 1916 flexi
1310 1880 1441 1916 fracti-

279 1968 355 2000 que
371 1958 514 1997 motus,
528 1952 662 1998 quales
675 1957 945 1997 protervorum
961 1952 1165 1990 hominum
1181 1959 1250 1991 aut
1264 1954 1439 1991 moilium

280 2042 365 2067 esse
395 2028 537 2073 solent,
559 2033 695 2064 contra
723 2032 902 2064 naturam
931 2032 1036 2072 sunt,
1063 2032 1108 2064 ut
1139 2031 1291 2065 etiamsi
1320 2031 1438 2065 animi
1466 2024 1468 2027 ’

388 2087 465 2119 430
