1574 2364
204 772 254 810 60

212 1816 254 1854 61

587 163 781 200 CICERO
812 164 886 200 DE
916 164 1135 202 FINlBUS

280 244 456 289 improbe
485 243 624 279 feceris
650 245 724 279 nisi
752 246 949 279 monueris
976 256 1027 280 ne
1054 243 1208 280 assidat.
1270 243 1349 280 Sed
1369 246 1440 279 im-

281 325 419 367 punite
441 327 597 365 tamen;
627 323 743 358 scisse
765 324 871 357 enim
891 326 932 358 te
954 324 1039 367 quis
1064 334 1275 367 coarguere
1297 322 1443 367 possit?

283 399 361 437 Sed
377 402 492 435 nimis
505 398 639 435 multa.
693 398 946 444 Perspicuum
961 404 1021 435 est
1035 402 1152 444 enim,
1166 402 1240 436 nisi
1256 402 1445 445 aequitas,

283 474 391 518 fides,
408 476 557 510 iustitia
574 473 869 518 proficiscantur
883 487 905 509 a
920 478 1072 518 natura,
1089 478 1131 510 et
1151 476 1181 510 si
1202 476 1332 510 omnia
1347 473 1445 510 haec

282 548 330 584 ad
352 548 567 584 utilitatem
587 547 824 593 referantur,
840 551 965 584 virum
985 548 1131 584 bonum
1152 562 1232 584 non
1252 561 1364 594 posse
1385 561 1444 584 re-

283 627 414 669 periri,
439 623 568 669 deque
594 623 653 660 his
680 624 797 660 rebus
825 626 917 660 satis
944 623 1070 660 multa
1093 626 1134 659 in
1158 626 1301 660 nostris
1326 623 1376 660 de
1402 636 1444 660 re

283 698 439 743 publica
459 698 567 734 libris
586 702 678 734 sunt
699 697 804 733 dicta
824 711 845 733 a
867 697 1011 733 Laelio.

339 773 446 809 xlx.
472 764 495 779 “
509 772 693 809 Transfer
709 772 814 808 idem
830 771 879 808 ad
895 772 1129 809 modestiam
1147 772 1207 809 vel
1224 777 1447 818 temperan-

284 851 392 892 tiam,
403 861 501 892 quae
513 852 571 884 est
585 847 803 883 moderatio
820 847 1082 892 cupiditatum
1096 849 1237 883 rationi
1247 846 1445 883 obediens.

286 923 440 959 Satisne
462 935 556 967 ergo
571 922 709 967 pudori
727 921 905 957 consulat
922 924 951 957 si
968 924 1054 966 quis
1068 924 1151 958 sine
1168 926 1271 958 teste
1293 921 1446 958 libidini

285 998 445 1043 pareat?
502 997 566 1032 An
599 1001 659 1033 est
689 996 837 1041 aliquid
870 1009 940 1041 per
972 1009 1012 1032 se
1040 999 1167 1041 ipsum
1198 996 1446 1042 flagitiosum,

287 1074 440 1108 etiamsi
483 1071 592 1107 nulla
635 1073 847 1107 comitetur
894 1070 1078 1106 infamia?
1137 1069 1268 1116 Quid?
1325 1070 1448 1107 fortes

286 1149 356 1182 viri
377 1146 676 1191 voluptatumne
691 1144 849 1181 calculis
865 1144 1067 1181 subductis
1083 1144 1275 1190 proelium
1294 1147 1447 1189 ineunt,

287 1224 519 1265 sanguinem
540 1233 610 1265 pro
630 1222 756 1264 patria
780 1219 1041 1264 profundunt,
1061 1232 1111 1255 an
1136 1219 1305 1264 quodam
1329 1221 1449 1255 animi

287 1295 424 1331 ardore
464 1299 583 1339 atque
632 1297 784 1338 impetu
832 1294 1043 1329 concitati?
1103 1293 1247 1330 Utrum
1287 1293 1451 1330 tandem

289 1382 438 1413 censeS‚
460 1368 671 1413 Torquate,
694 1367 953 1413 Imperiosum
978 1367 1102 1412 illum,
1123 1370 1154 1404 si
1179 1373 1313 1404 nostra
1333 1368 1452 1404 verba

287 1443 453 1487 audiret,
474 1447 636 1478 tuamne
657 1441 707 1477 de
724 1454 764 1478 se
780 1444 998 1478 orationem
1018 1441 1206 1478 libentius
1226 1441 1451 1478 auditurum

290 1518 408 1555 fuisse
428 1530 478 1553 an
498 1529 640 1561 meam,
661 1529 750 1552 cum
778 1529 852 1560 ego
880 1516 1053 1552 dicerem
1080 1515 1178 1551 nihil
1200 1529 1290 1552 eum
1311 1515 1450 1553 fecisse

291 1606 359 1629 sua
379 1605 492 1628 causa
513 1594 721 1636 omniaque
742 1593 798 1627 rei
818 1590 1012 1636 publicae,
1034 1595 1077 1627 tu
1100 1595 1235 1627 contra
1256 1591 1354 1626 nihil
1375 1593 1450 1627 nisi

290 1669 382 1704 sua?
440 1666 480 1703 Si
500 1678 591 1702 vero
612 1665 652 1701 id
673 1668 793 1701 etiam
815 1665 1025 1710 explanare
1045 1665 1180 1710 velles,
1197 1668 1449 1711 apertiusque

291 1742 442 1778 diceres
463 1739 562 1775 nihil
590 1753 680 1776 eum
708 1739 847 1775 fecisse
875 1742 948 1775 nisi
970 1739 1182 1785 voluptatis
1207 1752 1332 1784 causa,
1354 1753 1447 1785 quo-

290 1815 406 1852 modo
428 1828 518 1851 eum
538 1814 701 1850 tandem
721 1813 893 1849 laturum
914 1813 1032 1850 fuisse
1054 1814 1276 1850 existimas?
1334 1814 1450 1858 Est03

290 1891 442 1934 fecerit,
467 1891 498 1925 si
524 1891 579 1924 ita
603 1891 672 1930 vis,
705 1887 925 1933 Torquatus
952 1892 1114 1933 propter
1140 1900 1226 1924 suas
1255 1888 1449 1925 utilitates

291 1958 410 2010 (malo
437 1966 542 2000 enim
568 1962 697 1998 dicere
724 1975 840 2006 quam
868 1961 1105 2007 voluptates,
1134 1965 1175 1998 in
1198 1967 1311 1999 tanto
1336 1976 1446 2008 prae-

290 2041 425 2077 sertim
459 2028 578 2080 viro);
619 2048 714 2072 num
749 2037 868 2071 etiam
903 2038 985 2072 eius
1021 2035 1171 2081 collega
1211 2035 1250 2073 P.
1286 2036 1443 2082 Decius,

401 2096 473 2128 148
