1574 2364
179 915 227 952 75

555 143 752 182 CICERO
783 142 857 180 DE
887 143 1107 182 FINIBUS

261 224 462 269 proposita
481 223 581 257 ratio
601 219 831 265 postularet.
893 219 1040 255 Verum
1059 219 1301 257 admirabilis
1320 233 1425 258 com·

261 288 404 331 positio
434 283 669 328 disciplinae
698 282 1022 327 incredibilisque
1050 295 1115 319 me
1144 295 1276 319 rerum
1305 287 1427 321 traxit

259 348 356 384 ordo
374 359 382 390 ;
416 359 536 391 quem
571 358 641 390 per
675 344 771 381 deos
806 344 1048 382 immortales
1077 358 1211 382 nonne
1245 346 1426 383 miraris?

261 410 370 455 Quid
392 413 499 446 enim
519 413 588 444 aut
608 411 648 444 in
669 413 823 451 natura,
845 421 922 453 qua
948 408 1047 444 nihil
1076 414 1137 445 est
1163 411 1306 454 aptius,
1328 408 1426 445 nihil

257 473 514 521 discriptiusl,
533 476 601 507 aut
622 473 662 507 in
683 471 867 516 operibus
888 484 1007 506 manu
1028 471 1142 508 factis
1163 477 1245 508 tam
1270 484 1426 517 compo-

262 539 382 571 situm
402 539 563 579 tamque
585 538 835 579 compactum
857 538 898 570 et
919 539 1243 579 coagmentatum
1259 537 1425 571 inveniri

262 598 424 643 potest?
465 597 559 642 quid
590 599 786 642 posterius
816 599 935 641 priori
965 610 1044 633 non
1075 598 1290 634 convenit?
1331 597 1425 643 quid

261 663 440 705 sequitur
467 659 572 705 quod
599 672 679 695 non
706 659 947 704 respondeat
973 661 1193 705 superiori?
1223 660 1319 706 quid
1346 673 1424 696 non

261 727 314 760 sic
335 723 442 759 aliud
464 736 512 760 ex
532 723 609 759 alio
624 725 801 759 nectitur
815 727 861 759 ut
876 725 907 759 si
924 723 1045 759 ullam
1061 723 1238 760 litteram
1257 726 1426 760 moveris

259 786 397 823 labent
417 786 576 822 omnia?
635 785 720 822 Nec
740 790 877 822 tamen
898 786 1114 831 quidquam
1134 791 1196 823 est
1215 786 1321 831 quod
1344 799 1426 823 mo-

259 852 340 886 veri
362 852 495 894 possit.

313 903 339 920 “
349 912 479 957 Quam
492 915 620 957 gravis
634 925 739 957 vero,
749 924 867 957 quam
880 912 1100 957 magnifica,
1111 925 1228 958 quam
1241 916 1426 950 constans

258 977 463 1012 conficitur
483 988 651 1020 persona
670 975 883 1021 sapientis!
914 978 994 1020 qui,
1015 988 1104 1012 cum
1124 978 1224 1012 ratio
1244 975 1425 1012 docuerit

258 1038 363 1084 quod
383 1038 596 1074 honestum
617 1042 724 1074 esset
749 1037 790 1074 id
817 1050 902 1074 esse
930 1037 1057 1074 solum
1083 1039 1244 1083 bonum,
1266 1051 1422 1084 semper

257 1105 309 1138 sit
337 1114 500 1138 necesse
532 1106 594 1137 est
623 1101 763 1137 beatus
793 1113 965 1146 vereque
995 1104 1126 1137 omnia
1155 1104 1230 1138 ista
1260 1104 1420 1137 nomina

256 1164 455 1209 possideat
475 1176 576 1209 quae
597 1163 750 1199 irrideri
770 1164 820 1200 ab
839 1166 1033 1209 imperitis
1057 1163 1196 1200 solent.
1260 1164 1420 1201 Rectius

258 1230 363 1263 enim
392 1226 658 1272 appellabitur
685 1239 753 1262 rex
781 1239 899 1271 quam
919 1225 1155 1271 Tarquinius
1182 1229 1250 1272 qui
1276 1240 1351 1263 nec
1378 1239 1420 1264 se

257 1302 330 1326 nec
360 1302 448 1325 suos
478 1301 617 1334 regere
648 1291 791 1334 potuit,
812 1291 959 1325 rectius
989 1291 1178 1334 magister
1206 1290 1343 1335 populi
1372 1283 1422 1334 (is

258 1355 363 1389 enim
385 1356 446 1388 est
466 1343 657 1395 dictator)
684 1364 802 1396 quam
832 1350 941 1388 Sulla
967 1354 1034 1396 qui
1064 1354 1185 1388 trium
1214 1353 1423 1398 pestifero-

256 1428 342 1450 rum
369 1417 567 1459 vitiorum,
589 1414 779 1459 luxuriae,
800 1416 998 1459 avaritiae,
1026 1415 1273 1452 crudelitatis
1300 1418 1424 1460 magi-

256 1483 337 1514 ster
353 1477 441 1522 fuit,
458 1480 604 1514 rectius
624 1477 734 1514 dives
755 1490 873 1522 quam
895 1477 1053 1514 Crassus
1074 1481 1140 1523 qui
1156 1481 1231 1515 nisi
1248 1481 1424 1523 eguisset

256 1554 471 1585 numquam
502 1539 734 1585 Euphraten
763 1540 872 1576 nulla
901 1540 996 1577 belli
1025 1553 1140 1577 causa
1169 1544 1334 1578 transire
1355 1554 1421 1577 vo-

255 1603 402 1640 luisset.
466 1603 587 1639 Recte
610 1605 693 1639 eius
714 1605 846 1639 omnia
865 1602 1049 1640 dicentur
1069 1606 1135 1648 qui
1152 1606 1226 1640 scit
1241 1607 1299 1640 uti
1316 1604 1420 1641 solus

255 1666 435 1702 omnibus
452 1678 461 1710 ;
490 1670 601 1702 recte
632 1668 753 1701 etiam
783 1665 949 1711 pulcher
982 1666 1248 1711 appellabitur
1281 1662 1419 1709 (animi

256 1731 362 1764 enim
378 1728 611 1764 liniamenta
628 1733 721 1764 sunt
736 1728 959 1774 pulchriora
975 1742 1092 1774 quam
1109 1721 1297 1775 corporis)
1312 1734 1420 1766 recte

256 1790 360 1827 solus
389 1790 501 1835 liber,
522 1803 597 1827 nec
625 1791 888 1828 dominationi
917 1794 1146 1836 cuiusquam
1175 1805 1316 1837 parens
1346 1805 1420 1828 nec

483 1897 496 1916 ¹
519 1896 722 1937 discriptius
740 1897 854 1929 Reid:
879 1896 1083 1938 descriptius
1100 1898 1199 1930 MSS.

297 2007 312 2022 α
335 2002 408 2032 The
424 2000 484 2032 old
499 1999 580 2032 title
601 2000 643 2039 of¹
658 2000 719 2031 the
737 2000 913 2032 dictators
933 2004 973 2032 at
990 2001 1118 2033 Rome.
1167 2001 1288 2034 Cicero
1303 2001 1407 2043 plays

255 2055 304 2077 on
319 2045 380 2076 the
397 2043 566 2085 meaning
580 2043 618 2075 of
633 2042 804 2084 magister,
824 2048 833 2060 ‘
844 2043 1015 2075 teachen'

360 2088 437 2125 294
