1574 2364
221 851 266 883 40

222 1318 261 1349 41

604 169 800 207 mcERo
832 143 906 207 DE
937 170 1156 208 FlNiBUs

296 251 325 284 si
353 251 599 294 perspexerit
628 261 758 285 rerum
786 251 890 286 inter
918 262 982 286 eas
1003 250 1265 287 verborumne
1294 252 1345 288 sit
1367 263 1458 287 con·

297 317 494 351 troversia.

351 381 464 417 XIII.
493 373 517 388 “
529 382 658 418 Huius
672 395 746 428 ego
760 396 864 419 nunc
878 385 1155 420 auctoritatem
1171 396 1340 428 sequens
1356 382 1462 419 idem

296 447 445 484 faciam.
490 448 695 494 Quantum
709 452 815 485 enim
829 454 980 495 potero,
995 452 1169 486 minuam
1183 452 1462 487 contentiones

297 527 512 560 omnesque
533 518 753 552 sententias
774 515 970 561 simplices
988 529 1122 552 eorum
1136 518 1176 552 in
1197 517 1337 561 quibus
1354 515 1461 552 nulla

296 586 355 617 est
366 584 521 618 virtutis
534 582 735 618 adiunctio
749 585 908 618 omnino
918 596 938 618 a
949 582 1195 628 philosophia
1204 582 1460 619 semovendas

296 648 683 694 putabo,-—p1·imum
721 649 913 694 Aristippi
956 649 1337 694 Cyrenaicorumque
1378 661 1460 685 om-

296 717 417 759 nium,
444 728 540 760 quos
574 728 654 751 non
687 720 746 751 est
772 717 942 751 veritum
974 717 1015 751 in
1047 728 1094 752 ea
1124 714 1328 760 voluptate
1360 728 1460 760 quae

296 783 464 816 maxima
485 781 696 817 dulcedine
718 794 877 817 sensum
896 786 1076 818 moveret
1098 794 1294 818 summum
1315 782 1461 818 bonum

297 860 456 892 ponere,
478 853 781 884 contemnentes
802 851 916 884 istam
933 850 1171 884 vacuitatem
1192 847 1345 884 doloris.
1408 849 1462 884 Hi

297 927 375 950 non
415 914 612 959 viderunt,
648 919 693 950 ut
723 914 773 950 ad
808 927 963 950 cursum
998 927 1156 959 equum,
1191 914 1241 951 ad
1273 914 1462 950 arandum

298 981 449 1025 bovem,
470 981 520 1017 ad
540 981 808 1026 indagandum
830 994 980 1026 canem,
1002 983 1055 1017 sic
1076 980 1277 1017 hominem
1297 980 1346 1017 ad
1367 981 1463 1017 duas

296 1061 371 1092 res,
385 1053 429 1084 ut
448 1050 504 1084 ait
525 1047 773 1091 Aristoteles,
790 1048 839 1084 ad
860 1047 1177 1092 intellegendum
1207 1050 1250 1083 et
1269 1045 1319 1082 ad
1342 1060 1462 1092 agen-

297 1114 391 1150 dum
412 1128 496 1151 esse
517 1119 667 1160 natum,
689 1117 796 1160 quasi
811 1114 1018 1151 mortalem
1038 1114 1170 1159 deum,
1187 1119 1401 1159 contraque
1418 1118 1463 1150 ut

297 1181 449 1217 tardam
469 1181 639 1226 aliquam
660 1186 702 1217 et
722 1181 948 1226 languidam
969 1180 1163 1226 pecudem
1183 1180 1233 1217 ad
1252 1185 1408 1226 pastum
1422 1184 1464 1216 et

297 1247 346 1284 ad
367 1247 598 1293 procreandi
614 1247 859 1293 voluptatem
879 1247 953 1283 hoc
974 1247 1150 1283 divinum
1169 1246 1313 1282 animal
1334 1251 1463 1283 ortum

299 1327 383 1350 esse
417 1313 640 1358 voluerunt,
675 1326 753 1358 quo
785 1313 881 1349 nihil
923 1313 1020 1349 mihi
1058 1313 1216 1350 videtur
1246 1312 1462 1350 absurdius.

299 1380 432 1426 Atque
454 1380 551 1416 haec
573 1385 708 1421 contra
731 1380 990 1425 Aristippum,
1017 1382 1083 1425 qui
1109 1393 1195 1416 eam
1219 1379 1465 1425 voluptatem

299 1460 376 1483 non
390 1446 507 1483 modo
521 1459 712 1482 summam
722 1446 790 1482 sed
801 1446 922 1482 solam
933 1448 1052 1482 etiam
1066 1446 1188 1491 ducit,
1199 1459 1315 1491 quam
1329 1458 1465 1482 omnes

297 1526 416 1549 unam
449 1512 692 1558 appellamus
720 1512 975 1558 voluptatem.
1037 1511 1167 1548 Aliter
1191 1516 1325 1548 autem
1355 1511 1463 1548 vobis

298 1579 438 1624 placet.
500 1578 579 1615 Sed
602 1578 682 1623 ille,
703 1582 749 1615 ut
773 1577 867 1622 dixi,
888 1580 1038 1614 vitiose.
1100 1577 1184 1614 Nec
1212 1580 1318 1614 enim
1339 1577 1462 1623 figura

297 1648 466 1692 corporis
487 1659 561 1682 nec
581 1648 680 1682 ratio
701 1645 900 1682 excellens
921 1647 1056 1689 ingeni
1080 1644 1242 1680 humani
1269 1644 1463 1690 significat

296 1713 345 1750 ad
380 1726 498 1749 unam
532 1712 634 1748 hanc
669 1725 752 1749 rem
787 1716 925 1748 natum
957 1711 1159 1748 hominem
1188 1716 1234 1748 ut
1265 1711 1463 1748 frueretur

297 1779 574 1825 voluptatibus.
635 1779 720 1815 Nec
742 1791 834 1815 vero
854 1777 1074 1814 audiendus
1097 1778 1378 1823 Hieronymus,
1401 1780 1463 1814 cui

296 1859 493 1884 summum
524 1846 673 1881 bonum
705 1850 766 1882 est
797 1844 904 1881 idem
935 1844 1041 1890 quod
1074 1857 1139 1881 vos
1165 1843 1368 1881 interdum
1398 1844 1460 1882 ve]

295 1916 425 1959 potius
438 1914 604 1948 nimium
619 1924 736 1957 saepe
753 1911 895 1957 dicitis,
912 1910 1011 1947 nihil
1027 1910 1171 1947 dolere.
1232 1910 1323 1947 Non
1340 1913 1459 1955 enim,

295 1983 325 2017 si
345 1979 492 2016 malurn
513 1984 573 2016 est
593 1978 715 2023 dolor,
738 1990 870 2015 carere
892 1990 939 2016 eo
960 1977 1062 2014 malo
1086 1979 1180 2014 satis
1204 1981 1265 2014 est
1284 1976 1334 2014 ad
1354 1976 1457 2014 bene

404 2108 480 2146 126
