1574 2364
584 173 779 210 CICERO
811 174 884 210 DE
915 174 1134 213 FINIBUS

275 252 410 290 dolere
442 246 551 296 (nam
582 252 623 288 id
655 252 815 297 quidem
843 258 904 290 est
927 254 1128 291 interdum
1155 247 1349 300 necesse),
1370 255 1438 293 sed

276 307 431 353 ‘saxum
456 315 554 351 illud
584 315 815 352 Lemnium'
842 316 1011 354 clamore
1038 317 1286 354 Philocteteo
1307 309 1439 355 ‘fune-

276 379 405 424 stare,’

385 457 501 502 Quod
523 457 685 502 eiulatu,
702 469 858 503 questu,
874 461 1039 504 gemitu,
1057 459 1280 496 fremitibus

387 521 622 558 Resonando
641 526 796 557 mutum
817 521 967 558 flebiles
987 535 1102 559 voces
1123 522 1258 560 refert.

280 601 386 637 Huic
408 600 599 646 Epicurus
620 605 867 645 praecentet,
888 603 919 636 si
940 605 1086 646 potest,
1108 604 1169 638 cui

385 679 441 724 El
461 690 637 733 viperino
658 700 786 723 morsu
809 700 932 724 venae
954 690 1146 724 viscerum

405 752 570 789 Veneno
589 752 766 789 imbutae
785 756 934 789 taetros
953 754 1147 788 cruciatus
1167 754 1287 797 cient,

273 841 328 876 sic
349 836 617 889 [Epicurus]:2
637 837 893 883 ‘Philocteta,
915 841 944 874 si
961 840 1089 886 gravis
1105 837 1229 883 dolor,
1244 836 1398 874 brevis.'
1413 837 1429 860 ³

276 903 331 939 At
347 905 423 938 iam
432 902 630 939 decimum
643 915 791 938 annum
805 905 845 938 in
862 902 1171 951 speluncaiacet.
1206 901 1431 950 ‘Silongus‚

195 973 242 1012 95
274 970 390 1012 levis;
423 968 492 1004 dat
512 971 619 1003 enim
639 967 847 1004 intervalla
868 973 909 1003 et
929 967 1104 1004 relaxat.'
1166 968 1339 1004 Primum
1361 982 1440 1005 non

275 1044 406 1077 saepe,
422 1030 568 1067 deinde
585 1043 684 1075 quae
706 1035 767 1067 est
787 1033 861 1066 ista
881 1030 1083 1074 relaxatio,
1102 1043 1190 1066 cum
1208 1036 1249 1067 et
1264 1036 1438 1076 praeter-

276 1098 320 1131 iti
353 1094 496 1130 doloris
523 1095 711 1129 memoria
739 1106 876 1129 recens
904 1098 965 1129 est
997 1098 1038 1129 et
1070 1093 1192 1129 futuri
1220 1099 1339 1138 atque
1366 1097 1437 1130 im-

275 1157 487 1203 pendentis
508 1161 668 1201 torquet
688 1157 829 1192 timor?
862 1156 1066 1200 Moriatur,
1084 1159 1222 1201 inquit.
1259 1156 1437 1193 Fortasse

275 1221 315 1257 id
336 1223 542 1265 optimum,
557 1219 626 1255 sed
647 1219 713 1254 ubi
734 1219 850 1255 illud:
874 1210 883 1226 ‘
896 1219 985 1255 Plus
1006 1231 1161 1264 semper
1180 1219 1437 1264 voluptatis?'

278 1284 317 1320 Si
350 1285 455 1318 enim
486 1284 541 1318 ita
573 1286 645 1326 est,
681 1281 770 1317 vide
802 1295 852 1317 ne
885 1281 1035 1317 facinus
1070 1281 1187 1317 facias
1219 1295 1307 1317 cum
1342 1284 1440 1318 mori

277 1346 450 1383 suadeas.
513 1345 646 1380 Potius
674 1357 767 1388 ergo
795 1344 860 1380 illa
892 1344 1086 1388 dicantur,
1109 1349 1224 1390 turpe
1252 1357 1350 1389 esse,
1372 1347 1442 1380 viri

277 1422 356 1445 non
377 1421 460 1444 esse
481 1407 680 1444 debilitari
701 1407 848 1452 dolore,
869 1407 1010 1452 frangi,
1031 1408 1297 1443 succumbere.
1341 1407 1442 1443 Nam

277 1476 352 1509 ista
368 1476 516 1507 vestra:
535 1462 594 1507 ‘Si
610 1473 751 1515 gravis,
768 1471 917 1513 brevis3
938 1473 969 1506 si
990 1470 1143 1515 longus,
1160 1470 1275 1505 levis'
1294 1469 1443 1505 dictata

278 1540 380 1572 sunt.
434 1534 614 1577 Virtutis,
640 1533 926 1577 magnitudinis
950 1535 1083 1576 animi,
1112 1535 1342 1577 patientiae,
1364 1532 1440 1568 for-

277 1597 458 1635 titudinis
479 1596 665 1632 fomentis
686 1595 797 1632 dolor
816 1598 989 1640 mitigari
1009 1595 1119 1631 solet.

199 1662 246 1706 96
331 1659 455 1696 XXX.
491 1650 637 1703 “Audi,
658 1671 709 1694 ne
730 1659 848 1703 longe
869 1659 1020 1702 abeam,
1035 1660 1205 1694 moriens
1219 1658 1313 1702 quid
1334 1657 1440 1694 dicat

141 1710 144 1713 Ι
278 1724 482 1769 Epicurus,
503 1727 548 1758 ut
569 1721 778 1766 intellegas
800 1721 903 1757 facta
931 1724 1013 1757 eius
1044 1733 1131 1756 curn
1159 1721 1274 1757 dictis
1296 1720 1439 1757 discre-

276 1799 386 1833 pare:
401 1778 408 1792 ‘
419 1785 610 1830 Epicurus
627 1784 873 1819 Hermarcho
888 1783 923 1820 S.
941 1784 1038 1819 Cum
1052 1783 1283 1827 ageremus,’
1299 1786 1440 1828 inquit,

317 1862 329 1881 ²
346 1862 376 1892 E
394 1861 551 1892 inserted
568 1861 617 1900 by
633 1860 769 1890 Baiter.
1072 1858 1085 1878 ¹
1101 1859 1257 1890 Martha.

317 1904 330 1923 ⁸
347 1904 387 1935 52·
406 1904 459 1944 (or
474 1904 530 1943 sit)
549 1903 662 1942 gravis
679 1902 782 1935 dolor,
802 1900 910 1932 brevis
927 1901 990 1932 inf.
1005 1901 1119 1937 MSS.;
1145 1902 1176 1931 si
1194 1900 1300 1932 brevis
1317 1900 1420 1937 dolor,

274 1947 476 2027 Zignss'g'
496 1945 682 1976 E.-Mdv.
698 1944 908 1979 Philocteta,
923 1948 952 1974 st
964 1945 976 1974 !
992 1943 1114 1976 Brevis
1131 1943 1248 1975 dolor!
1282 1944 1357 1974 But
1367 1953 1422 1984 cp.

357 2083 370 2097 ³
384 2075 531 2156 lQussoted
548 2073 726 2115 probably
743 2073 836 2104 from
854 2072 915 2103 the
931 2072 1131 2109 Philoctetes
1147 2071 1184 2103 of
1200 2071 1333 2103 Attius.

409 2119 431 2155 8
655 2124 661 2127 .
