1501 2374
691 131 821 171 Latin
853 133 1056 174 Anthou-s

285 232 546 264 AMMIANUS
571 232 926 267 MARCELLINUS.
973 235 1003 276 J.
1024 234 1061 267 C.
1084 235 1189 267 Rolfe.

287 299 476 331 CELSUS.
526 300 576 330 W.
601 300 641 331 G.
663 300 820 341 Spencer.

287 367 475 404 CICERO,
527 367 576 398 IN
631 368 910 406 CATILINAM,
972 370 1063 401 PRO
1118 371 1312 408 FLACCO,
1371 373 1461 403 PRO

329 411 547 448 MURENA,
582 411 672 442 PRO
705 412 869 444 SULLA.
919 413 954 443 B.
984 414 1020 444 L.
1051 414 1195 446 Ullman.

287 479 474 516 CICERO,
499 478 563 508 DE
593 479 791 511 NATURA
824 480 1040 513 DEORUM.
1091 482 1136 512 H.
1159 482 1336 513 Rackham.

286 546 470 583 CICERO,
496 545 559 575 DE
582 545 820 581 ORATORE,
846 547 1054 585 ORATOR,
1079 548 1277 580 BRUTUS.
1329 549 1462 581 Charles

327 589 507 621 Stuttaford
524 589 589 620 and
607 590 659 619 W.
678 591 716 620 E.
738 590 867 621 Sutton.

284 649 470 685 CICERO,
495 649 584 679 PRO
605 648 790 685 SEXTIO,
812 650 861 680 IN
882 650 1140 688 VATINIUM,
1162 651 1252 683 PRO
1273 652 1456 690 CAELIO,

325 692 419 776 ῗΙῖΙὲ)
446 692 724 765 IIJROVINCIIS
758 693 1133 732 CONSULARIBUS,
1172 694 1263 726 PRO
1296 695 1458 727 BALBO.

349 760 355 766 .
391 749 422 766 ⁷.
459 745 573 766 *reesa

288 802 478 838 ENNIUS,
508 802 732 834 LUCILIUS
770 803 834 833 and
862 803 955 834 other
981 803 1163 845 specimens
1190 804 1226 835 of
1254 805 1320 836 Old
1352 805 1457 837 Latin.

327 847 364 877 E.
387 846 431 877 H.
452 845 690 886 XVarmington.

287 920 416 957 OVID,
444 918 593 949 FASTI.
644 918 695 950 Sir
707 919 736 960 J.
759 919 799 951 G.
821 920 946 952 Frazer.

287 987 440 1024 PLINY,
459 986 691 1018 NATURAL
708 986 930 1019 IIISTORY.
981 987 1033 1019 W.
1056 988 1102 1019 H.
1120 988 1154 1020 S.
1169 989 1279 1030 Jones.

288 1056 353 1087 ST.
378 1054 606 1095 JEROME'S
639 1054 865 1086 LETTERS.
913 1055 952 1085 F.
969 1056 1012 1086 A.
1030 1056 1169 1096 wright.

288 1121 528 1160 SIDONIUS,
547 1122 770 1154 LETTERS.
812 1123 848 1153 E.
867 1123 909 1154 V.
925 1122 1050 1154 Arnold
1066 1123 1131 1154 and
1149 1123 1199 1155 W.
1223 1123 1257 1155 Β.
1278 1123 1459 1157 Anderson.

287 1190 499 1228 TACITUS,
529 1189 730 1222 ANNALS.
776 1190 863 1231 John
877 1190 1031 1231 Jackson.

287 1255 527 1290 VALERIUS
559 1256 782 1288 FLACCUS.
834 1258 874 1288 A.
898 1257 932 1288 F.
955 1257 1143 1289 Scholfield.

385 1371 666 1400 DESCRIPTIVE
690 1372 969 1400 PROSPECTUS
995 1372 1052 1400 ΟΝ
1075 1372 1358 1400 APPLICAYION

291 1673 455 1706 London
585 1689 603 1701 ·
736 1689 756 1700 -
883 1669 1113 1704 WILLIAM
1143 1666 1464 1703 HEINEMANN

290 1738 386 1773 New
410 1739 517 1772 York
586 1756 607 1767 -
737 1755 759 1766 -
891 1753 910 1765 ·
951 1737 999 1771 G.
1024 1734 1298 1769 PUTNAM’S
1329 1733 1464 1767 SONS
1499 1766 1501 1778 <
