1574 2364
179 458 228 490 22

177 1281 226 1314 23

566 151 763 190 CICERO
794 151 868 189 DE
898 152 1118 191 FINIBUS

313 222 427 270 “Sed
448 234 634 277 quoniam
653 245 734 269 non
748 236 914 278 possunt
929 236 1061 269 omnia
1076 232 1191 269 simul
1208 232 1298 279 dici,
1322 232 1422 271 haec

258 290 298 323 in
320 290 543 333 praesentia
564 291 658 323 nota
679 300 764 324 esse
786 287 1006 333 debebunt,
1026 287 1273 333 voluptatem
1294 301 1421 325 semo-

261 342 429 379 vendam
446 355 544 386 esse,
561 341 719 387 quando
738 341 788 378 ad
808 345 954 379 maiora
970 343 1175 388 quaedam,
1191 348 1237 379 ut
1256 346 1333 380 iam
1352 357 1420 389 ap-

260 398 427 442 parebit,
444 399 527 433 nati
544 409 687 434 sumus.
723 397 784 434 De
802 400 999 434 vacuitate
1015 397 1159 434 doloris
1175 398 1315 434 eadem
1335 398 1418 435 fere

259 452 335 488 dici
361 451 490 488 solent
517 465 617 497 quae
642 451 692 489 de
719 446 953 498 voluptate.l
1011 452 1096 489 Nec
1120 466 1212 489 vero
1231 452 1307 489 alia
1327 458 1420 490 sunt

259 507 485 552 quaerenda
499 512 636 543 contra
652 507 907 544 Carneadiam
923 507 1032 543 illam
1047 510 1309 551 sententiam;
1325 521 1420 553 quo-

260 575 428 607 cumque
450 564 555 598 enim
571 561 689 598 modo
704 574 901 598 summum
916 562 1063 598 bonum
1079 564 1133 599 sic
1150 565 1360 608 exponitur
1377 567 1422 599 ut

258 617 297 653 id
309 622 421 653 vacet
433 616 656 661 honestate,
666 630 740 653 nec
754 617 876 653 officia
889 630 963 653 nec
976 620 1143 654 virtutes
1156 620 1196 653 in
1211 630 1256 654 ea
1269 620 1421 655 ratione

258 685 332 709 nec
345 674 541 708 amicitiae
555 676 734 708 constare
747 677 921 717 possunt.
939 672 1173 709 Coniunctio
1186 677 1320 709 autem
1330 686 1419 709 cum

258 727 468 763 honestate
498 726 560 763 vel
590 726 802 771 voluptatis
832 727 893 763 vel
924 740 1003 762 non
1033 726 1195 764 dolendi
1222 727 1263 764 id
1288 730 1418 773 ipsum

258 782 469 818 honestum
486 781 591 827 quod
606 781 794 827 amplecti
810 781 895 818 vult
910 781 950 818 id
967 782 1085 818 efficit
1100 786 1226 828 turpe.
1272 782 1336 819 Ad
1353 795 1417 819 eas

259 840 365 874 enim
386 849 446 873 res
467 836 615 873 referre
636 849 735 881 quae
755 849 861 881 agas,
882 849 1047 882 quarum
1069 850 1146 873 una
1161 839 1191 873 si
1208 839 1294 882 quis
1315 837 1418 874 malo

258 897 388 928 careat
410 894 449 928 in
470 904 622 927 summo
639 904 729 927 eum
745 891 847 927 bono
864 891 970 928 dicat
986 904 1084 937 esse,
1100 891 1224 929 altera
1241 897 1418 929 versetur

257 950 297 983 in
327 947 523 983 levissima
551 951 664 992 parte
693 951 871 990 naturae,
899 947 1144 983 obscurantis
1171 952 1232 983 est
1258 959 1416 983 omnem

257 1001 510 1047 splendorem
522 1000 756 1045 honestatis,
770 1014 820 1038 ne
835 1001 963 1037 dicam
976 1004 1231 1046 inquinantis.
1251 1002 1417 1038 Restant

258 1058 393 1101 Stoici,
415 1059 494 1101 qui,
515 1069 605 1092 cum
625 1069 647 1092 a
668 1055 942 1101 Peripateticis
963 1061 1005 1092 et
1020 1056 1269 1093 Academicis
1285 1059 1416 1093 onmia

257 1111 566 1156 transtulissent,
583 1111 806 1147 nominibus
821 1110 906 1147 aliis
920 1111 1079 1147 easdem
1094 1124 1156 1148 res
1170 1114 1294 1148 secuti
1311 1116 1413 1148 sunt.

312 1158 437 1202 “Hos
469 1171 604 1202 contra
635 1165 810 1210 singulos
836 1165 913 1202 dici
941 1171 1002 1202 est
1030 1166 1191 1210 melius;
1220 1166 1291 1203 sed
1311 1179 1417 1203 nunc

257 1221 362 1271 quod
382 1224 553 1266 agimus3
583 1220 633 1256 de
653 1220 730 1257 illis
750 1233 839 1256 cum
859 1220 1044 1257 volemus.

311 1269 557 1312 “Democriti
566 1280 700 1312 autem
710 1278 909 1320 securitas,
920 1288 1019 1320 quae
1030 1281 1090 1312 est
1098 1278 1218 1312 animi
1227 1275 1417 1321 tranquil-

257 1324 376 1376 litas‚²
392 1344 508 1376 quam
523 1323 762 1375 appellavit3
782 1328 967 1375 εὐθυμίαν,
985 1343 1031 1367 eo
1047 1330 1264 1376 separanda
1279 1330 1355 1367 fuit
1369 1331 1419 1366 ab

257 1387 330 1423 hac
369 1386 650 1431 disputatione,
690 1387 780 1430 quia
810 1387 885 1422 ista
918 1388 1038 1421 animi
1069 1385 1335 1431 tranquillitas
1373 1398 1420 1421 ea

257 1447 318 1479 est
346 1444 429 1486 ipsa
453 1441 569 1477 beata
595 1442 694 1484 vita;
724 1442 947 1485 quaerimus
971 1445 1106 1477 autem
1132 1453 1212 1477 non
1242 1453 1342 1486 quae
1369 1442 1420 1477 sit

257 1497 326 1534 sed
350 1495 456 1532 unde
487 1498 546 1531 sit.
607 1494 691 1530 Iam
721 1494 904 1539 explosae
935 1497 1165 1541 eiectaeque
1195 1497 1419 1532 sententiae

258 1551 482 1598 Pyrrhonis,
517 1550 726 1594 Aristonis,
762 1549 887 1595 Erilli,
921 1550 1027 1595 quod
1060 1553 1102 1586 in
1139 1549 1246 1586 hunc
1283 1550 1419 1587 orbem

304 1667 426 1700 ¹After
454 1666 643 1707 voluptate,
677 1664 778 1697 MSS.
812 1664 908 1696 add:
946 1665 1125 1706 Quoniam
1163 1666 1277 1707 {gitur
1310 1668 1346 1697 et
1381 1666 1421 1697 de

259 1713 437 1753 voluptate
452 1720 529 1741 cum
549 1709 720 1749 Torquato
735 1711 770 1739 et
790 1708 831 1738 de
853 1707 1042 1746 honestate,
1068 1709 1107 1740 in
1130 1720 1202 1751 qua
1224 1719 1299 1740 una
1322 1720 1421 1740 omne

259 1755 383 1787 bonum
406 1755 606 1794 poneretur,
637 1761 715 1783 cum
748 1750 876 1782 Catone
905 1754 957 1782 est
985 1752 1220 1792 disputatum,
1245 1752 1418 1793 primum,

259 1808 349 1840 quae
385 1799 502 1828 contra
540 1794 754 1835 voluptatem
784 1793 879 1824 dicta
908 1798 1004 1831 sunt,
1036 1795 1156 1826 eadem
1176 1795 1257 1836 sere
1286 1795 1422 1825 cadunt

258 1844 376 1873 contra
403 1838 616 1870 vacuitatem
641 1837 773 1867 doloris.
824 1836 914 1867 Edd.
942 1837 1050 1879 reject
1078 1838 1148 1869 this
1179 1837 1358 1868 reference
1381 1842 1418 1868 to

257 1886 316 1916 the
332 1889 403 1914 two
420 1881 546 1913 earlier
562 1880 748 1920 dialogues
763 1889 804 1910 as
817 1889 862 1910 an
877 1880 1140 1921 interpolation,
1153 1881 1250 1912 since
1262 1881 1344 1921 they
1356 1891 1418 1912 are

259 1925 437 1968 supposed
453 1929 489 1955 to
507 1924 590 1954 take
608 1923 708 1964 place
724 1926 762 1954 at
778 1932 800 1952 a
814 1922 904 1954 later
915 1923 998 1954 date
1011 1924 1097 1954 than
1110 1924 1168 1955 the
1181 1929 1323 1965 present
1337 1934 1414 1955 one.

299 1970 311 1989 ²
325 1967 569 2010 tranquillitas
586 1966 731 2003 Miiller3
755 1966 1001 2006 tranquillitas
1017 1970 1188 2008 tanquam
1207 1967 1232 1997 B
1248 1966 1276 1997 E
1291 1978 1299 2004 ς
1317 1964 1418 2008 [tam-

256 2013 377 2055 quam]
394 2016 508 2052 tranq.
552 2009 647 2041 Mdv.

298 2054 518 2096 ³appellavit
532 2053 592 2084 inf.
613 2051 729 2090 MSS.,
749 2050 898 2089 Mfiller3
922 2052 1104 2093 appellant
1120 2052 1159 2089 B,
1178 2052 1218 2090 E,
1239 2051 1334 2084 Mdv.

361 2109 438 2140 414

1534 2134 1543 2224 *Q-
