1574 2364
572 129 767 167 CICERO
798 128 872 166 DE
903 128 1122 166 FINIBUS

263 213 430 250 dixerim
464 214 683 257 principem
718 208 1051 255 philosophorum.
1114 208 1175 246 Ad
1210 222 1277 246 eos
1310 212 1432 255 igitur

265 280 451 313 converte
486 279 541 319 te,
575 286 730 319 quaeso.
791 272 849 308 Ex
885 285 1020 308 eorum
1054 274 1161 308 enim
1195 274 1350 318 scriptis
1389 277 1431 309 et

263 340 457 375 institutis
474 351 563 373 cum
579 338 705 373 omnis
722 335 794 372 doc
802 337 903 371 trina
914 334 1101 380 liberalis,
1114 328 1241 372 om‘nis
1254 334 1429 380 historia,

264 404 390 438 omnis
418 413 545 438 sermo
571 399 733 444 elegans
760 401 861 435 sumi
887 402 1034 444 potest,
1061 402 1147 434 tum
1174 400 1342 435 varietas
1370 403 1431 435 est

264 469 375 501 tanta
396 466 540 500 artium
561 467 606 499 ut
626 475 744 498 nemo
765 463 849 498 sine
871 474 918 497 eo
938 463 1204 498 instrumento
1232 460 1281 497 ad
1309 460 1430 498 ullam

263 541 346 564 rem
368 527 621 564 illustriorem
648 527 741 561 satis
768 529 928 561 ornatus
955 526 1079 569 possit
1107 523 1307 561 accedere.
1367 524 1430 560 Ab

262 591 322 628 his
343 595 528 634 oratoreS,
544 589 593 625 ab
614 588 674 625 his
694 591 950 633 imperatores
970 600 1014 622 ac
1035 600 1165 623 rerum
1186 586 1430 632 publicarum

262 656 460 700 principes
482 655 733 689 exstiterunt.
787 651 844 688 Ut
859 650 909 686 ad
925 652 1076 686 minora
1092 652 1261 695 veniam,
1275 649 1428 687 mathe-

262 719 408 761 matici,
429 720 586 762 poetae,
606 717 757 758 musici,
778 713 923 750 medici
950 712 1123 758 denique
1152 726 1199 749 ex
1228 712 1300 749 hac
1328 718 1428 750 tam-

262 794 378 826 quam
417 781 594 815 omnium
632 768 850 814 artificum1
889 776 1041 813 officina
1089 775 1256 822 profecti
1295 775 1427 813 sunt.’'

265 844 397 889 Atque
420 855 513 887 ego:
535 832 652 879 “Scis
673 840 776 885 me,''
795 843 968 885 inquam,
987 830 1126 876 “istud
1143 838 1250 875 idem
1267 842 1428 884 sentire,

264 907 363 952 Piso,
391 905 461 942 sed
488 919 510 941 a
536 910 577 941 te
605 909 827 949 opportune
860 902 964 939 facta
994 904 1145 939 mentio
1177 906 1262 947 est3
1291 902 1429 939 studet

262 973 369 1007 enim
388 982 499 1005 meus
519 967 655 1004 audire
683 967 819 1003 Cicero
846 979 1041 1012 quaenam
1067 968 1119 1002 sit
1145 967 1257 1002 istius
1283 968 1428 1003 veteris

262 1047 378 1079 quam
408 1044 690 1068 commemoras
717 1029 956 1066 Academiae
985 1028 1036 1065 de
1066 1028 1208 1065 finibus
1236 1029 1427 1065 bonorum

263 1097 695 1142 Peripateticorumque
743 1095 953 1129 sententia.
1032 1092 1248 1128 Censemus
1292 1096 1424 1128 autem

261 1159 446 1196 facillime
478 1163 520 1194 te
552 1157 592 1194 id
627 1156 838 1202 explanare
873 1168 1000 1201 posse,
1035 1154 1141 1200 quod
1173 1160 1214 1192 et
1248 1155 1426 1192 Staseam

260 1222 569 1268 Neapolitanum
602 1220 748 1256 multos
782 1232 905 1255 annos
938 1218 1123 1255 habueris
1161 1217 1266 1264 apud
1304 1223 1345 1255 te
1384 1223 1427 1255 et

260 1284 481 1330 complures
519 1286 596 1319 iam
634 1295 791 1318 menses
829 1281 1002 1318 Athenis
1040 1280 1139 1318 haec
1176 1283 1260 1327 ipsa
1297 1286 1338 1318 te
1378 1294 1426 1317 ex

261 1347 460 1385 Antiocho
509 1346 712 1382 videamus
760 1344 1007 1390 exquirere.”
1075 1344 1129 1381 Et
1166 1344 1233 1381 ille
1273 1344 1425 1381 ridens:

259 1403 395 1457 “Age‚
426 1410 539 1455 age,”
573 1411 716 1454 inquit,
748 1398 894 1452 “(satis
929 1410 1036 1444 enim
1070 1410 1168 1444 scite
1202 1420 1266 1444 me
1302 1409 1424 1444 nostri

258 1476 447 1512 sermonis
474 1474 709 1518 principium
737 1483 821 1507 esse
848 1462 1037 1515 voluisti),
1064 1482 1305 1515 exponamus
1331 1469 1426 1506 adu·

258 1538 426 1575 lescenti
446 1538 477 1572 si
498 1548 597 1580 quae
619 1534 721 1570 forte
742 1546 957 1579 possumus.
1018 1532 1100 1570 Dat
1120 1534 1227 1569 enim
1246 1532 1287 1569 id
1313 1532 1426 1570 nobis

259 1600 442 1644 solitudo,
456 1598 561 1644 quod
576 1601 606 1634 si
620 1600 686 1643 qui
702 1597 801 1634 deus
817 1596 981 1642 diceret,
998 1609 1215 1642 numquam
1229 1599 1425 1642 putarem,

258 1678 321 1700 me
331 1666 370 1699 in
386 1661 600 1698 Academia
613 1666 814 1705 tamquam
828 1658 1106 1705 philosophum
1119 1658 1421 1704 disputaturum.

259 1726 338 1764 Sed
371 1738 435 1770 ne,
470 1724 564 1760 dum
596 1723 687 1759 huic
719 1724 924 1768 obsequor,
955 1722 1064 1759 vobis
1094 1721 1283 1758 molestus
1310 1720 1422 1758 sim.’'

259 1781 431 1833 “Mihi‚”
455 1790 627 1832 inquam,
650 1777 749 1830 “qui
770 1790 811 1821 te
838 1785 878 1822 id
905 1788 1034 1831 ipsum
1060 1783 1250 1830 rogavi?’'
1307 1784 1421 1829 Tum,

259 1853 432 1898 Quintus
453 1855 495 1886 et
516 1849 754 1894 Pomponius
774 1861 864 1884 cum
883 1847 991 1885 idem
1017 1860 1060 1884 se
1086 1847 1189 1884 velle
1216 1846 1422 1892 dixissent,

260 1916 346 1952 Piso
366 1926 525 1951 exorsus
546 1917 606 1948 est
618 1924 627 1956 ;
648 1914 756 1948 cuius
777 1914 901 1947 oratio
920 1910 1086 1948 attende
1107 1923 1265 1956 quaeso,
1288 1910 1421 1955 Brute,

302 2021 502 2063 ¹art1ficum
520 2021 559 2058 B,
579 2020 619 2057 E,
639 2004 937 2054 Mm1er3artium
954 2017 1037 2048 with
1055 2017 1114 2048 inf.
1136 2017 1239 2048 Mss.
1260 2016 1355 2048 Mdv.

367 2084 442 2120 398
