1574 2364
201 1296 248 1328 28

584 120 779 157 CICERO
811 119 885 156 DE
916 120 1134 159 FINIBUS

277 204 337 241 vel
369 217 390 240 e
421 207 566 240 virtute
598 203 659 240 vel
690 208 854 240 naturae
882 210 1148 250 congruenter
1168 198 1316 250 vivere)
1336 219 1438 243 sum-

278 292 385 315 mum
426 279 573 314 bonum
609 280 672 322 sit,
706 283 747 315 et
781 291 951 324 quonam
985 280 1102 317 modo
1140 286 1208 317 aut
1239 293 1316 326 quo
1353 280 1440 317 loco

279 366 419 398 corpus
440 353 570 388 subito
592 352 847 389 deserueritis
867 357 1076 400 omniaque
1103 368 1149 391 ea
1175 368 1275 400 quae
1302 367 1439 391 secun-

278 427 372 463 dum
406 432 589 463 naturam
621 440 710 463 curn
742 429 822 464 sint
853 428 984 465 absint
1014 442 1037 465 a
1067 434 1200 466 nostra
1228 433 1440 475 potestate,

278 506 404 548 ipsum
426 502 598 547 denique
619 502 797 539 officium.
850 502 1006 548 Quaero
1022 506 1143 549 igitur
1157 503 1352 549 quomodo
1367 503 1440 539 hae

278 584 414 615 tantae
436 578 801 615 commendationes
821 592 843 614 a
870 584 1009 615 natura
1036 579 1238 625 profectae
1265 579 1394 615 subito
1420 591 1442 614 a

279 653 471 696 sapientia
499 650 661 686 relictae
691 653 779 686 sint.
841 649 958 695 Quod
979 654 1009 686 si
1037 664 1115 686 non
1143 650 1312 686 hominis
1339 662 1442 686 sum-

278 735 385 758 mum
413 722 560 757 bonum
588 734 867 766 quaereremus
895 722 964 758 sed
992 722 1194 758 cuiusdam
1221 723 1443 765 animantis,

281 797 311 829 is
332 797 467 829 autem
490 797 594 828 esset
614 792 713 828 nihil
735 795 808 828 nisi
829 795 982 829 animus
1009 785 1146 836 (liceat
1167 795 1272 828 enim
1293 791 1442 836 fingere

277 864 426 909 aliquid
459 863 649 899 eiusmodi
689 876 766 909 quo
806 876 940 900 verum
980 863 1132 900 facilius
1169 854 1441 909 reperiamus),

279 940 414 972 tamen
435 934 492 970 illi
513 937 644 970 animo
664 947 744 970 non
766 939 870 971 esset
890 934 954 970 hic
975 939 1107 971 vester
1126 934 1222 970 finis.
1275 932 1442 970 Deside-

279 1010 383 1042 raret
397 1008 503 1042 enim
517 1005 800 1050 valetudinem,
816 1008 1054 1042 vacuitatem
1068 1005 1224 1050 doloris,
1234 1009 1443 1050 appeteret

278 1080 398 1114 etiam
414 1079 752 1113 conservationem
766 1079 823 1112 sui
838 1089 1051 1122 earumque
1064 1089 1195 1112 rerum
1209 1075 1439 1120 custodiam,

279 1149 476 1193 finemque
498 1149 570 1184 sibi
591 1151 853 1184 constitueret
869 1147 1085 1184 secundum
1101 1152 1281 1184 naturam
1298 1149 1441 1192 vivere,

280 1219 385 1265 quod
407 1224 467 1255 est
488 1224 532 1255 ut
553 1219 633 1255 dixi
656 1219 802 1255 habere
824 1232 870 1255 ea
889 1232 989 1264 quae
1017 1218 1234 1255 secundum
1261 1223 1442 1254 naturam

281 1294 360 1327 sint
382 1290 442 1326 vel
465 1293 595 1326 onmia
623 1290 684 1325 vel
713 1290 880 1335 plurima
907 1295 948 1326 et
975 1293 1154 1326 maxima.
1215 1290 1440 1325 Cuiuscum-

280 1376 356 1407 que
398 1365 502 1397 enim
542 1361 648 1397 modi
688 1361 830 1396 animal
872 1364 1136 1405 constitueris,
1170 1374 1332 1397 necesse
1366 1365 1440 1405 est,

279 1436 432 1470 etiamsi
453 1432 492 1468 id
513 1435 596 1468 sine
618 1445 778 1477 corpore
799 1436 850 1468 sit
870 1438 914 1468 ut
935 1432 1130 1477 fingimus,
1151 1437 1285 1468 tamen
1302 1444 1386 1468 esse
1400 1434 1439 1467 in

280 1508 411 1541 animo
432 1503 625 1549 quaed-*im
648 1503 788 1539 similia
810 1516 943 1539 eorum
972 1516 1071 1548 quae
1093 1507 1185 1539 sunt
1204 1506 1245 1539 in
1265 1514 1440 1548 corpore,

278 1582 323 1613 ut
353 1575 461 1611 nullo
489 1574 606 1611 modo
633 1578 706 1610 nisi
736 1579 779 1611 ut
807 1577 967 1620 exposui
996 1577 1183 1611 constitui
1212 1577 1334 1619 possit
1354 1573 1439 1610 finis

278 1649 479 1684 bonorum.
542 1646 782 1691 Chrysippus
812 1651 945 1682 autem
974 1658 1176 1691 exponens
1197 1644 1437 1682 differentias

276 1719 536 1755 animantium
564 1719 620 1752 ait
646 1716 739 1752 alias
769 1729 902 1752 earum
931 1728 1092 1761 corpore
1113 1715 1322 1760 excellere,
1342 1715 1435 1753 alias

276 1795 409 1825 autem
440 1790 584 1832 animo,
612 1787 821 1823 nonnullas
850 1787 978 1823 valere
1007 1792 1173 1831 utraque
1200 1799 1262 1830 re;
1292 1786 1437 1824 deinde

277 1861 453 1905 disputat
483 1858 587 1903 quod
618 1861 806 1903 cuiusque
836 1861 994 1902 generis
1025 1860 1286 1894 animantium
1321 1861 1440 1894 statui

275 1932 417 1967 deceat
438 1934 671 1964 extremum.
733 1929 829 1964 Cum
855 1934 989 1965 autem
1017 1928 1219 1964 hominem
1241 1932 1281 1964 in
1303 1941 1350 1964 eo
1369 1941 1438 1973 ge-

273 2014 366 2038 nere
396 2002 590 2045 posuisset
620 2004 663 2035 ut
696 2002 730 2035 ei
764 2000 955 2035 tribueret
992 2002 1110 2035 animi
1143 1999 1431 2039 excellentiam.

381 2058 456 2091 330
