1615 2359
221 675 270 712 37

611 132 807 170 CICERO
838 133 913 169 DE
945 133 1165 172 FINIBUS

302 212 653 251 commemorandis
688 225 902 259 eorumque
936 213 1050 252 factis
1083 227 1164 253 non
1202 215 1471 254 emolumento

301 291 431 337 aliquo
470 291 540 328 sed
578 293 698 337 ipsius
736 291 956 329 honestatis
995 292 1137 330 decore
1175 293 1395 339 laudandis,
1430 293 1471 330 id

300 374 431 406 totum
458 371 650 406 evertitur
676 382 723 407 eo
750 369 909 408 delectu
935 383 1067 409 rerum
1094 384 1213 417 quem
1242 371 1360 409 modo
1391 371 1473 408 dixi

301 446 530 489 constituto,
564 447 610 480 ut
648 448 718 481 aut
754 444 978 490 voluptates
1009 447 1244 483 omittantur
1281 448 1472 483 maiorum

301 518 550 564 voluptatum
569 518 912 564 adipiscendarum
939 533 1054 559 causa
1079 525 1148 557 aut
1174 519 1328 558 dolores
1352 523 1472 558 susci-

300 596 459 641 piantur
478 596 670 630 maiorum
690 593 869 631 dolorum
889 594 1203 640 effugiendorum
1222 598 1359 641 gratia.

355 671 425 709 XI.
459 662 572 710 “Sed
592 671 642 709 de
664 672 857 709 clarorum
880 672 1085 710 hominum
1112 673 1226 711 factis
1254 674 1472 712 illustribus

301 752 343 784 et
357 747 535 793 gloriosis
556 750 649 784 satis
664 747 738 784 hoc
754 747 840 784 loco
861 747 1012 785 dictum
1029 753 1100 786 est.
1159 748 1246 787 Erit
1267 751 1374 787 enim
1393 752 1471 787 iam

301 823 351 860 de
379 825 555 859 omnium
579 825 771 861 virtutum
799 836 913 859 cursu
940 823 990 860 ad
1017 823 1264 870 voluptatem
1290 827 1471 871 proprius

302 896 522 935 disserendi
555 896 674 934 locus.
734 896 851 934 Nunc
886 902 1020 935 autem
1055 897 1260 944 explicabo
1291 898 1472 945 voluptas

302 975 384 1018 ipsa
422 985 522 1018 quae
562 971 767 1019 qualisque
805 975 868 1017 sit,
907 976 954 1009 ut
991 971 1154 1010 tollatur
1192 985 1299 1010 error
1345 976 1472 1011 omnis

301 1049 574 1093 imperitorum
621 1046 959 1092 intellegaturque
1007 1060 1053 1084 ea
1100 1060 1201 1093 quae
1239 1047 1470 1095 voluptaria,

301 1121 483 1167 delicata,
523 1121 651 1158 mollis
689 1121 883 1158 habeatur
921 1121 1128 1168 disciplina
1168 1135 1286 1168 quam
1329 1126 1469 1170 gravis,

303 1210 420 1243 quam
447 1200 669 1242 continens,
690 1210 807 1242 quam
834 1209 971 1234 severa
996 1200 1056 1235 sit.
1117 1196 1208 1235 Non
1236 1201 1342 1235 enim
1370 1198 1471 1235 hane

303 1271 424 1308 solam
445 1274 645 1317 sequimur
665 1284 765 1317 quae
786 1274 979 1309 suavitate
996 1272 1126 1318 aliqua
1145 1277 1326 1309 naturam
1346 1275 1471 1320 ipsam

301 1352 436 1384 movet
450 1351 490 1382 et
504 1359 593 1383 cum
607 1346 854 1383 iucunditate
864 1346 1031 1392 quadam
1048 1350 1265 1393 percipitur
1280 1349 1470 1394 sensibus,

302 1420 372 1457 sed
399 1423 609 1456 maximam
630 1420 875 1466 voluptatem
903 1420 1011 1457 illam
1037 1420 1229 1458 habemus
1256 1435 1355 1468 quae
1381 1435 1471 1469 per-

303 1498 446 1541 cipitur
472 1498 579 1532 omni
607 1494 741 1532 dolore
768 1495 959 1532 detracto.
1020 1496 1123 1532 Nam
1151 1499 1349 1543 quoniam,
1379 1511 1468 1535 cum

301 1573 498 1616 privamur
518 1569 666 1615 dolore,
687 1573 770 1615 ipsa
790 1570 1025 1607 liberatione
1057 1576 1098 1608 et
1118 1574 1315 1608 vacuitate
1342 1575 1469 1610 omnis

300 1645 506 1681 molestiae
526 1645 759 1690 gaudemus,
781 1658 898 1682 omne
925 1650 1060 1682 autem
1087 1645 1127 1682 id
1152 1659 1229 1691 quo
1249 1646 1467 1692 gaudemus

301 1719 480 1765 voluptas
502 1724 563 1756 est
583 1711 646 1763 (ut
668 1732 784 1756 omne
805 1733 883 1766 quo
904 1720 1139 1757 offendimur
1159 1713 1301 1766 dolor),
1323 1721 1467 1759 doloris

301 1797 427 1830 omnis
443 1796 609 1839 privatio
621 1799 730 1831 recte
747 1797 950 1830 nominata
964 1800 1024 1831 est
1039 1794 1228 1840 voluptas,
1273 1795 1328 1832 Ut
1349 1799 1467 1842 enim,

298 1882 387 1905 cum
408 1869 494 1905 cibo
516 1873 557 1905 et
577 1871 739 1914 potione
762 1869 886 1905 fames
911 1872 1074 1915 sitisque
1103 1869 1267 1916 depulsa
1289 1876 1361 1916 est,
1383 1873 1466 1916 ipsa

296 1944 491 1980 detractio
517 1943 722 1980 molestiae
751 1947 1073 1981 consecutionem
1098 1944 1212 1981 affert
1238 1945 1464 1992 voluptatis,

295 2022 349 2055 sic
380 2021 421 2054 in
455 2021 562 2054 omni
596 2031 639 2055 re
674 2018 817 2056 doloris
848 2022 995 2058 amotio
1026 2022 1313 2057 successionem
1344 2020 1462 2057 efficit

406 2077 456 2113 40
