1574 2364
227 261 273 298 87

228 1146 275 1178 88

615 115 812 152 CICERO
843 115 918 152 DE
948 115 1170 153 FINIBUS

305 198 455 233 amissis
475 195 551 232 illis
572 198 624 232 sit
643 197 772 231 miser.
834 194 981 231 Beatus
1009 200 1144 231 autem
1171 208 1256 231 esse
1283 198 1325 231 in
1351 198 1473 232 maxi-

307 272 458 295 marum
492 271 624 294 rerum
658 260 801 294 timore
835 270 954 294 nemo
988 262 1131 303 potest.
1192 258 1321 294 Nemo
1355 261 1476 303 igitur

307 334 392 358 esse
414 322 553 358 beatus
574 325 718 366 potest.
779 320 921 366 Neque
943 323 1050 357 enim
1070 323 1110 356 in
1131 320 1261 366 aliqua
1277 326 1389 366 parte
1406 321 1476 358 sed

307 388 347 421 in
376 387 647 430 perpetuitate
674 386 865 429 temporis
892 386 973 420 vita
999 384 1116 420 beata
1142 375 1242 420 dici1
1263 383 1378 428 solet,
1402 396 1477 420 nec

306 447 531 493 appellatur
551 449 712 483 omnino
734 449 814 482 vita
834 449 909 483 nisi
931 446 1113 483 confecta
1136 451 1256 492 atque
1284 446 1475 492 absoluta,

307 523 380 547 nec
408 515 542 555 potest
569 513 776 555 quisquam
804 509 898 546 alias
926 509 1066 546 beatus
1093 522 1192 554 esse,
1212 509 1306 546 alias
1334 512 1476 554 miser;

307 576 374 619 qui
396 576 501 609 enim
524 573 768 610 existimabit
794 585 908 618 posse
933 585 975 609 se
1002 575 1189 609 miserum
1217 585 1316 617 esse,
1337 573 1477 609 beatus

309 649 388 672 non
409 639 494 672 erit.
556 636 659 672 Nam
686 649 776 672 cum
804 640 988 681 suscepta
1014 635 1137 672 semel
1165 640 1227 672 est
1246 636 1364 672 beata
1383 638 1477 681 vita,

308 705 389 735 tam
414 704 624 745 permanet
650 711 768 744 quam
796 701 879 744 ipsa
906 698 973 734 illa
1000 698 1177 735 effectrix
1204 699 1344 735 beatae
1372 701 1476 735 vitae

307 764 513 808 sapientia,
535 774 666 807 neque
689 766 897 807 exspectat
923 761 1109 798 ultimum
1136 766 1294 807 tempus
1321 764 1478 807 aetatis,

308 825 413 871 quod
431 825 574 861 Croeso
595 825 731 861 scribit
754 824 985 861 Herodotus
1006 829 1263 870 praeceptum
1280 838 1302 860 a
1319 824 1474 862 Solone.

361 879 453 924 “At
470 890 589 932 enim,
607 887 941 932 quemadmodum
955 892 1043 923 tute
1060 887 1232 932 dicebas,
1245 892 1368 933 negat
1385 887 1477 933 Epi-

309 964 423 988 curus
450 964 500 987 ne
529 951 836 987 diuturnitatem
863 950 1025 996 quidem
1057 953 1247 996 temporis
1278 950 1327 986 ad
1360 951 1476 987 beate

308 1013 521 1051 vivendum
550 1013 698 1058 aliquid
723 1013 876 1058 afferre,
902 1026 976 1049 nec
1005 1016 1199 1050 minorem
1229 1013 1476 1058 voluptatem

308 1080 457 1123 percipi
478 1079 517 1112 in
540 1077 736 1112 brevitate
757 1079 948 1122 temporis
969 1089 1087 1121 quam
1109 1078 1140 1113 si
1161 1076 1228 1112 illa
1255 1078 1306 1113 sit
1333 1079 1475 1122 sempi-

308 1146 432 1177 terna.
481 1140 595 1176 Haec
616 1139 803 1176 dicuntur
826 1142 1200 1176 inconstantissime.
1248 1139 1348 1175 Cum
1369 1142 1476 1176 enim

309 1216 506 1240 summum
534 1203 682 1238 bonum
709 1205 749 1238 in
777 1201 983 1247 voluptate
1010 1207 1147 1247 ponat,
1172 1207 1295 1247 negat
1321 1202 1477 1238 infinito

309 1272 488 1311 tempore
502 1268 644 1301 aetatis
658 1264 905 1310 voluptatem
926 1265 1008 1301 fieri
1029 1268 1217 1301 maiorem
1233 1278 1349 1310 quam
1368 1265 1479 1301 finito

309 1334 429 1374 atque
454 1328 619 1364 modico.
681 1327 760 1373 Qui
790 1328 938 1364 bonum
967 1341 1084 1364 omne
1115 1330 1155 1363 in
1181 1330 1327 1364 virtute
1353 1331 1478 1373 ponit,

310 1395 341 1429 is
361 1396 496 1437 potest
516 1391 648 1427 dicere
670 1390 804 1436 perfici
826 1391 984 1427 beatam
1001 1393 1123 1426 vitam
1139 1390 1385 1436 perfectione
1402 1394 1477 1427 vir-

311 1458 427 1491 tutis:
457 1459 580 1499 negat-
601 1456 707 1490 enim
728 1466 881 1490 summo
902 1454 1006 1490 bono
1026 1453 1164 1490 afferre
1185 1456 1477 1490 incrementum

310 1518 436 1560 diem;
466 1520 533 1562 qui
557 1522 692 1553 autem
717 1516 920 1562 voluptate
944 1519 1067 1553 vitam
1094 1517 1193 1553 effici
1221 1517 1378 1553 beatam
1406 1529 1474 1562 pu-

311 1582 425 1625 tabit,
450 1583 516 1626 qui
551 1580 624 1616 sibi
659 1582 690 1616 is
725 1582 938 1616 conveniet
971 1582 1002 1616 si
1035 1580 1199 1625 negabit
1229 1579 1473 1625 voluptatem

312 1656 487 1680 crescere
509 1643 803 1688 longinquitate
819 1643 833 1678 ?
892 1642 1020 1687 Igitur
1039 1656 1090 1679 ne
1107 1642 1284 1679 dolorem
1300 1643 1471 1688 quidem.

312 1703 374 1738 An
405 1702 515 1738 dolor
544 1701 795 1746 longissimus
825 1703 991 1746 quisque
1021 1703 1276 1745 miserrimus,
1297 1700 1476 1746 volupta-

312 1767 394 1797 tem
421 1773 500 1796 non
529 1759 803 1804 optabiliorem
831 1758 1071 1795 diuturnitas
1100 1759 1222 1795 facit?
1281 1758 1388 1804 Quid
1416 1765 1477 1796 est

312 1822 432 1864 igitur
453 1831 521 1854 cur
541 1821 597 1854 ita
617 1829 774 1862 semper
794 1816 913 1853 deum
939 1816 1131 1862 Epicurus
1157 1817 1317 1853 beatum
1342 1817 1477 1862 appel-

311 1877 368 1914 let
389 1882 430 1913 et
453 1876 690 1912 aeternum?
748 1874 923 1919 Dempta
952 1878 1058 1911 enim
1085 1878 1325 1911 aeternitate
1353 1875 1477 1912 nihilo

310 1936 459 1972 beatior
482 1934 661 1980 Iuppiter
681 1945 798 1978 quam
820 1932 1033 1977 Epicurus;
1063 1938 1232 1978 uterque
1249 1936 1355 1970 enim
1370 1945 1474 1970 sum·

419 2066 494 2105 178
551 2022 564 2042 ι
581 2009 1003 2057 di01·Manutius,Mdv.;
1029 2019 1107 2051 duci
1126 2020 1225 2052 mss.
