1574 2359
144 500 195 534 24

154 1506 188 1539 {o

187 1505 204 1539 υἺ

556 146 752 186 CICERO
784 147 859 185 DE
890 147 1108 188 FINIBUS

249 227 467 267 conflixisse
485 226 593 274 apud
612 227 791 265 Veserim
810 233 973 274 propter
992 229 1247 276 voluptatem.
1299 229 1417 276 Quod

250 307 343 333 vero
371 296 498 332 securi
525 286 735 340 percussit1
762 294 898 340 filium,
919 297 1129 341 privavisse
1157 309 1198 334 se
1223 299 1343 335 etiam
1363 299 1419 333 vi·

251 362 369 400 detur
382 361 518 398 multis
533 360 815 407 voluptatibus,
831 374 921 398 cum
936 364 1010 408 ipsi
1029 368 1193 401 naturae
1214 366 1421 410 patrioque

251 430 373 465 amori
392 427 628 474 praetulerit
646 429 706 464 ius
726 429 944 465 maiestatis
964 433 1084 474 atque
1104 431 1254 475 imperi.

308 485 333 502 “
342 493 473 540 Quid?
489 487 554 531 Τ.2
566 494 802 540 Torquatus,
810 497 843 531 is
853 497 918 540 qui
929 495 1064 532 consul
1074 509 1162 532 cum
1172 496 1240 533 Cn.
1254 496 1421 534 Octavio

252 562 341 607 fuit,
358 574 448 599 cum
468 561 577 598 illam
597 563 852 598 severitatem
871 563 913 598 in
934 575 981 598 eo
1004 561 1080 598 filio
1100 562 1282 600 adhibuit
1302 576 1421 609 quem

254 632 295 665 in
325 628 583 674 adoptionem
621 627 670 664 D.
704 627 838 665 Silano
872 631 1202 675 emancipaverat,
1233 634 1279 666 ut
1317 642 1422 675 eum,

257 695 522 732 Macedonum
540 695 684 741 legatis
698 696 973 732 accusantibus
989 696 1093 741 quod
1111 699 1296 742 pecunias
1312 709 1424 742 prae-

255 767 383 800 torem
402 765 443 798 in
463 764 663 808 provincia
679 764 829 808 cepisse
844 768 1071 809 arguerent,
1088 775 1243 800 causam
1258 763 1364 810 apud
1384 776 1426 800 se

257 829 390 867 dicere
419 829 590 874 iuberet,
611 841 734 874 reque
761 841 810 866 ex
836 834 1005 874 utraque
1032 834 1145 875 parte
1174 829 1310 866 audita
1337 843 1427 876 pro-

256 899 462 934 nuntiaret
493 908 583 932 eum
617 908 699 932 non
732 895 854 932 talem
885 895 1008 932 videri
1040 896 1159 933 fuisse
1190 899 1231 932 in
1262 898 1428 942 imperio

258 963 393 1010 quales
414 966 498 1000 eius
517 965 684 999 maiores
704 961 885 1008 fuissent,
908 967 950 999 et
975 965 1016 999 in
1037 967 1293 1009 conspectum
1313 976 1427 999 suum

258 1032 394 1068 venire
414 1032 556 1075 vetuit,
576 1029 770 1074 numquid
799 1029 873 1066 tibi
894 1029 1051 1066 videtur
1080 1029 1131 1066 de
1157 1029 1426 1075 voluptatibus

257 1100 336 1136 suis
363 1096 618 1142 cogitavisse?
668 1095 747 1133 Sed
776 1100 822 1132 ut
847 1098 1027 1132 omittam
1053 1095 1239 1142 pericula,
1259 1096 1425 1141 labores,

259 1163 436 1201 dolorem
457 1166 577 1200 etiam
598 1175 717 1208 quem
743 1165 915 1208 optimus
943 1165 1107 1208 quisque
1137 1175 1207 1209 pro
1233 1165 1359 1209 patria
1386 1167 1428 1199 et

259 1244 330 1278 pro
363 1233 442 1267 suis
474 1232 649 1275 suscipit,
676 1229 722 1266 'ut
752 1242 833 1265 non
863 1229 981 1265 modo
1012 1229 1161 1266 nuilam
1193 1235 1329 1275 captet
1359 1229 1429 1266 sed

260 1300 381 1335 etiam
410 1300 636 1343 praetereat
667 1308 804 1332 omnes
824 1295 1061 1341 voluptates,
1083 1295 1237 1333 dolores
1258 1296 1431 1341 denique

261 1366 417 1411 quosvis
445 1365 645 1408 suscipere
679 1361 794 1398 malit
822 1375 938 1407 quam
969 1362 1153 1399 deserere
1182 1363 1303 1399 ullam
1333 1363 1432 1399 offici

262 1436 430 1479 partem,
451 1430 502 1467 ad
531 1443 578 1466 ea
597 1441 698 1475 quae
718 1428 793 1464 hoc
813 1441 893 1464 non
914 1431 1043 1465 minus
1064 1428 1268 1466 declarant
1287 1429 1358 1466 sed
1377 1432 1432 1466 vi-

262 1499 408 1537 dentur
426 1497 573 1534 leviora
592 1498 804 1532 veniamus.
865 1494 971 1540 Quid
998 1496 1084 1541 tibi,
1104 1495 1316 1542 Torquate,
1337 1496 1432 1542 quid

261 1566 353 1603 huic
366 1565 515 1601 Triario
526 1563 698 1607 litterae,
712 1561 807 1607 quid
819 1561 1005 1599 historiae
1021 1565 1273 1608 cognitioque
1286 1576 1431 1609 rerum,

263 1632 359 1679 quid
387 1636 593 1678 poetarum
613 1628 799 1674 evolutio,
820 1628 915 1674 quid
935 1634 1047 1665 tanta
1065 1633 1127 1666 tot
1146 1642 1329 1666 versuum
1348 1643 1431 1666 me-

263 1701 386 1736 moria
399 1697 612 1743 voluptatis
628 1695 765 1732 affert?
796 1695 881 1732 Nec
898 1695 995 1731 mihi
1014 1695 1113 1732 illud
1133 1695 1297 1733 dixeris:
1319 1696 1433 1733 Haec

266 1769 373 1803 enim
391 1768 475 1810 ipsa
494 1763 592 1800 mihi
613 1767 705 1799 sunt
720 1761 927 1808 voluptati,
943 1766 984 1799 et
1004 1767 1117 1798 erant.
1132 1762 1199 1798 illa
1213 1762 1431 1808 Torquatis.

268 1833 496 1878 Numquam
525 1830 600 1866 hoc
625 1832 680 1866 ita
707 1828 891 1866 defendit
921 1829 1112 1875 Epicurus
1132 1842 1262 1875 neque
1285 1830 1434 1866 Metro-

266 1900 383 1937 dorus
413 1902 481 1934 aut
508 1899 714 1942 quisquam
745 1908 879 1932 eorum
910 1897 976 1941 qui
1005 1900 1074 1932 aut
1103 1900 1259 1941 saperet
1288 1895 1434 1941 aliquid

443 1998 450 2016 ¹
458 1996 633 2039 percussit
648 1995 762 2030 Mdv.;
776 1995 988 2035 percusserit
1003 1995 1102 2025 MSS.

440 2040 453 2059 ²
468 2041 504 2071 T.
523 2039 603 2071 edd.
622 2038 711 2069 from
731 2038 803 2069 Liv.
823 2039 904 2079 epit.
927 2048 989 2078 543
1012 2039 1049 2069 L.
1073 2037 1174 2069 MSS.

378 2091 428 2128 26
