1615 2359
228 851 276 889 65

228 1917 278 1956 66

614 101 809 138 CICERO
841 101 914 138 DE
946 101 1165 139 FINIBUS

305 180 344 216 id
365 182 491 226 ipsum
521 180 682 225 quidem
712 180 899 225 expedire
930 186 1094 226 possunt
1123 181 1228 226 quod
1258 181 1467 219 disserunt.

308 246 515 283 Praeterea
536 246 689 284 sublata
710 249 936 292 cognitione
958 252 999 284 et
1020 250 1184 284 scientia
1210 247 1363 284 tollitur
1389 261 1470 285 om·

305 316 364 350 nis
394 316 492 350 ratio
522 318 564 350 et
592 316 696 350 vitae
727 313 934 359 degendae
967 319 1009 351 et
1039 327 1169 351 rerum
1195 315 1469 360 gerendarum.

307 380 370 418 Sic
405 394 426 417 e
461 380 632 426 physicis
668 385 709 417 et
744 380 935 417 fortitudo
970 384 1136 418 sumitur
1171 387 1307 418 contra
1337 384 1473 419 mortis

307 450 489 484 timorem
521 452 563 484 et
594 450 815 484 constantia
847 453 982 484 contra
1014 453 1165 484 metum
1197 448 1396 494 religionis
1431 453 1473 486 et

307 515 458 551 sedatio
478 517 610 559 animi,
628 517 803 551 omnium
821 528 951 551 rerum
967 515 1210 552 occultarum
1225 518 1471 561 ignoratione

309 581 475 626 sublata,
507 586 548 617 et
582 581 813 626 moderatio,
846 587 985 618 natura
1018 582 1282 628 cupiditatum
1314 586 1470 628 generi-

308 650 458 694 busque
487 662 621 685 earum
648 649 865 694 explicatis,
888 654 940 694 et,
969 654 1014 686 ut
1041 649 1157 686 niodo
1183 650 1311 695 docui,
1339 653 1472 696 cogni-

309 718 426 752 tionis
446 715 584 761 regula
604 720 645 752 et
665 715 810 752 iudicio
829 716 878 752 ab
900 716 1040 753 eodeni
1061 716 1128 753 illo
1155 719 1371 754 constituto
1392 719 1472 754 veri

308 797 329 819 a
351 783 447 819 falso
468 782 670 819 distinctio
690 783 868 819 traditur.

363 849 448 885 XX.
483 840 659 885 “Restat
688 849 794 886 locus
825 849 915 886 huic
945 850 1202 895 disputationi
1222 850 1283 888 vel
1304 853 1473 888 maxime

309 918 563 960 necessarius,
585 915 634 952 de
661 918 846 961 amicitia,
866 930 983 962 quam
1010 920 1041 953 si
1068 917 1246 963 voluptas
1275 930 1472 954 summum

309 987 360 1021 sit
391 983 538 1019 bonum
569 983 767 1019 affirmatis
802 983 951 1019 nullam
983 986 1143 1020 omnino
1175 984 1278 1028 fore3
1315 984 1365 1021 de
1393 997 1469 1029 qua

310 1051 501 1096 Epicurus
531 1049 690 1095 quidem
720 1052 774 1086 ita
804 1049 912 1095 dicit,
940 1054 1115 1087 omnium
1142 1064 1271 1088 rerum
1299 1064 1394 1097 quas
1421 1050 1470 1087 ad

311 1119 426 1154 beate
458 1116 670 1153 vivendum
701 1120 894 1162 sapientia
932 1122 1216 1164 comparaverit
1252 1119 1350 1155 nihil
1386 1131 1471 1156 esse

310 1187 434 1221 maius
461 1186 644 1228 amicitia,
666 1183 764 1219 nihil
793 1185 963 1229 uberius,
992 1185 1089 1221 nihil
1117 1186 1334 1223 iucundius.
1387 1186 1471 1224 Nec

311 1264 402 1288 vero
436 1250 510 1287 hoc
546 1253 722 1287 oratione
757 1251 882 1287 solum
916 1252 986 1288 sed
1013 1252 1139 1288 inulto
1171 1256 1296 1297 magis
1322 1256 1402 1289 vita
1433 1259 1475 1291 et

312 1318 425 1354 factis
447 1322 487 1354 et
507 1318 680 1353 moribus
698 1318 975 1363 comprobavit.
1019 1318 1137 1364 Quod
1153 1332 1271 1364 quam
1286 1333 1474 1365 magnum

312 1388 361 1421 sit
389 1384 501 1420 fictae
524 1389 703 1420 veterum
732 1384 887 1421 fabulae
915 1385 1131 1431 declarant,
1159 1389 1200 1422 in
1225 1387 1365 1432 quibus
1393 1393 1473 1424 tam

311 1452 445 1488 multis
466 1456 626 1495 tamque
649 1454 773 1496 variis,
795 1452 844 1487 ab
864 1452 1003 1488 ultima
1022 1455 1260 1498 antiquitate
1282 1458 1473 1499 repetitis,

311 1522 386 1555 tria
406 1521 468 1554 vix
489 1520 701 1554 amicorum
722 1521 828 1563 paria
848 1522 1111 1565 reperiuntur,
1142 1524 1186 1556 ut
1212 1521 1261 1557 ad
1290 1521 1473 1559 Orestem

311 1587 514 1631 pervenias
534 1584 734 1630 profectus
755 1599 776 1621 a
797 1585 961 1622 Theseo.
1003 1586 1059 1623 At
1074 1600 1166 1624 vero
1187 1587 1377 1633 Epicurus
1398 1575 1483 1625 una¹

310 1655 347 1688 in
371 1652 500 1696 domo,
522 1656 563 1688 et
584 1664 629 1687 ea
650 1652 811 1696 quidem
831 1658 1010 1698 angusta,
1032 1667 1149 1699 quam
1169 1668 1331 1700 magnos
1352 1669 1473 1701 quan·

310 1724 428 1764 taque
449 1721 590 1754 amoris
611 1721 900 1764 conspiratione
922 1723 1218 1757 consentientes
1233 1725 1365 1759 tenuit
1379 1725 1474 1759 ami·

309 1798 443 1822 corum
477 1785 638 1830 greges!
669 1785 775 1830 quod
809 1786 853 1823 fit
887 1790 1007 1823 etiam
1036 1800 1141 1823 nunc
1175 1788 1225 1824 ab
1256 1788 1469 1834 Epicureis.

309 1852 388 1889 Sed
414 1851 464 1888 ad
493 1864 576 1888 rem
606 1851 833 1896 redeamu83
863 1853 913 1890 de
941 1854 1164 1891 hominibus
1191 1855 1269 1891 dici
1295 1869 1375 1892 non
1402 1869 1472 1894 ne-

308 1931 415 1956 cesse
444 1923 513 1954 est.
573 1916 714 1955 Tribus
742 1922 863 1964 igitur
890 1920 1015 1958 modis
1037 1920 1151 1958 video
1179 1934 1263 1959 esse
1284 1935 1306 1958 a
1325 1926 1467 1960 nostris

308 1986 357 2022 de
388 1987 560 2021 amicitia
591 1985 846 2031 disputatum.
907 1987 998 2032 Alii,
1026 2001 1115 2025 cum
1147 2001 1211 2025 eas
1243 1989 1466 2035 voluptates

417 2038 465 2075 68
