1615 2359
226 346 274 385 46

221 1664 266 1696 48

613 101 809 140 CICERO
841 103 915 139 DE
945 101 1164 142 FINIBUS

305 183 410 228 quod
431 193 513 229 1psa
534 186 674 219 natura
694 181 850 219 divitias
870 182 1012 228 quibus
1031 187 1220 219 contenta
1237 187 1285 219 S1t
1303 187 1343 220 et
1360 196 1469 229 para-

305 237 403 275 biles
435 242 477 275 et
506 240 738 275 terminatas
769 236 910 281 habet3
947 240 1124 274 inanium
1155 243 1289 274 autem
1321 238 1471 284 cupidi-

304 297 432 329 tatum
470 305 545 329 nec
584 291 724 328 modus
757 291 861 328 ullus
894 305 969 328 nec
1003 292 1089 329 finis
1123 295 1290 329 inveniri
1325 298 1468 338 potest.

304 346 409 383 XIV.
457 346 576 392 Quod
609 349 641 383 si
679 349 800 383 vitam
839 359 997 383 omnem
1035 348 1256 393 perturbari
1295 347 1472 384 videmus

305 414 434 438 errore
444 406 485 438 et
498 404 719 446 inscientia,
729 403 1041 447 sapientiamque
1056 414 1139 438 esse
1153 402 1274 438 solam
1288 415 1387 447 quae
1401 415 1471 439 nos

304 470 325 491 a
338 456 548 492 libidinum
561 459 712 502 impetu
728 461 768 492 et
781 469 802 491 a
815 455 1070 493 formidinum
1082 461 1231 494 terrore
1241 457 1415 494 vindicet
1429 462 1471 494 et

307 514 425 556 {psius
445 510 628 548 fortunae
650 510 802 547 modice
823 510 927 548 ferre
943 511 1086 548 doceat
1099 514 1260 548 iniurias
1277 517 1318 548 et
1333 524 1469 549 omnes

303 570 499 603 monstret
532 568 612 602 vias
645 579 745 611 quae
779 565 829 602 ad
863 568 1038 611 quietem
1069 571 1112 603 et
1139 566 1469 612 tranquillitatem

305 620 446 665 ferant,
468 620 563 666 quid
584 625 645 657 est
666 633 734 657 cur
757 620 986 657 dubitemus
1010 621 1142 658 dicere
1170 626 1212 658 et
1234 624 1469 667 sapientiam

303 680 465 721 propter
484 675 708 721 voluptates
729 675 995 721 expetendam
1021 680 1062 713 et
1088 678 1356 722 insipientiam
1382 690 1470 722 pro-

302 735 392 775 pter
412 730 611 766 molestias
632 743 716 767 esse
737 730 994 775 fugiendam?

358 776 622 830 “Eademque
638 788 789 822 ratione
810 798 860 821 ne
880 788 1186 831 temperantiam
1202 785 1361 832 quidem
1382 798 1468 832 pro-

304 844 393 884 pter
421 852 461 876 se
493 840 759 885 expetendam
790 853 874 876 esse
902 840 1090 885 dicemus,
1118 840 1188 877 sed
1215 843 1306 886 quia
1331 854 1468 886 pacem

304 897 443 931 animis
466 894 603 931 afferat
631 899 671 931 et
699 907 764 931 eos
792 898 901 940 quasi
921 895 1129 931 concordia
1148 895 1318 941 quadam
1337 895 1469 941 placet

302 962 346 985 ac
379 949 513 986 leniat.
582 949 863 995 Temperantia
900 954 960 986 est
998 953 1105 986 enim
1143 963 1242 995 quae
1275 953 1317 986 in
1350 951 1467 986 rebus

302 1008 371 1040 aut
398 1004 633 1049 expetendis
657 1009 725 1040 aut
748 1004 948 1049 fugiendis
974 1009 1019 1040 ut
1044 1007 1239 1041 rationem
1258 1017 1467 1049 sequamur

303 1063 448 1095 monet.
505 1059 590 1095 Nec
612 1061 718 1095 enim
738 1061 831 1095 satis
852 1064 913 1095 est
932 1059 1105 1096 iudicare
1126 1059 1221 1105 quid
1240 1058 1465 1096 faciendum

305 1126 382 1149 non
411 1113 687 1150 faciendumve
715 1116 778 1158 sit,
800 1113 870 1150 sed
896 1118 1000 1150 stare
1027 1117 1147 1150 etiam
1174 1119 1332 1160 oportet
1354 1117 1395 1150 in
1420 1127 1466 1151 eo

302 1167 408 1213 quod
439 1171 489 1204 sit
520 1168 748 1205 iudicatum.
810 1168 992 1214 Plerique
1022 1174 1169 1214 autem,
1194 1169 1300 1214 quod
1326 1174 1465 1205 tenere

301 1228 421 1267 atque
449 1235 602 1259 servare
630 1222 671 1259 id
698 1222 804 1268 quod
830 1226 903 1268 ipsi
930 1228 1157 1260 statuerunt
1183 1237 1263 1260 non
1290 1229 1466 1269 possunt,

303 1280 396 1314 victi
428 1282 469 1314 et
500 1277 698 1314 debilitati
725 1278 880 1314 obiecta
906 1280 1037 1323 specie
1065 1278 1277 1323 voluptatis
1303 1278 1467 1315 tradunt

302 1344 342 1368 se
373 1331 603 1369 libidinibus
637 1332 965 1377 constringendos
994 1345 1068 1369 nec
1103 1333 1197 1378 quid
1231 1337 1466 1370 eventurum

301 1389 352 1423 sit
372 1387 595 1432 provident,
612 1387 662 1423 ob
679 1400 843 1433 eamque
865 1400 1020 1424 causam
1039 1392 1202 1433 propter
1221 1387 1467 1433 voluptatem

302 1446 344 1477 et
376 1455 535 1487 parvam
569 1447 611 1478 et
644 1455 724 1478 non
759 1444 1019 1479 necessariam
1053 1447 1095 1479 et
1128 1454 1228 1488 quae
1258 1442 1320 1479 vel
1351 1442 1466 1479 aliter

301 1501 504 1540 pararetur
530 1501 571 1533 et
603 1510 679 1542 qua
710 1499 830 1533 etiam
860 1510 992 1534 carere
1019 1502 1180 1543 possent
1207 1499 1291 1533 sine
1318 1496 1465 1542 dolore,

301 1556 385 1587 tum
406 1554 446 1587 in
466 1551 622 1587 morbos
646 1564 798 1597 graves,
819 1556 906 1588 tum
925 1554 966 1588 in
987 1552 1142 1597 damna,
1163 1557 1250 1588 tum
1276 1554 1317 1587 in
1344 1551 1465 1588 dede-

300 1618 387 1641 cora
421 1608 640 1650 incurrunt,
676 1619 793 1652 saepe
828 1609 949 1642 etiam
982 1606 1117 1652 legum
1154 1606 1465 1652 iudiciorumque

300 1663 436 1705 poenis
457 1660 692 1705 obligantur.
745 1660 824 1706 Qui
849 1666 984 1697 autem
1010 1664 1066 1697 ita
1092 1660 1168 1697 frui
1194 1661 1333 1697 volunt
1359 1661 1466 1697 volu-

298 1715 474 1760 ptatibus
494 1720 539 1752 ut
560 1715 659 1751 nulli
674 1720 838 1761 propter
854 1729 918 1752 eas
934 1720 1226 1761 consequantur
1242 1715 1408 1761 dolores,
1425 1720 1467 1752 et

340 1825 356 1843 a
369 1819 493 1850 inanis
508 1819 648 1855 hollow,
662 1819 756 1855 vain,
773 1819 905 1855 unreal,
921 1829 963 1851 as
980 1820 1038 1851 the
1055 1819 1218 1861 opposite
1231 1819 1271 1850 of
1288 1820 1464 1850 ‘natural'

295 1861 355 1901 (cf.
373 1863 389 1900 ἓ
406 1872 446 1902 53
463 1862 535 1893 and
554 1863 617 1892 Bk.
639 1862 684 1893 ΙΙ.
705 1863 720 1900 §
738 1862 803 1901 26),
826 1872 950 1893 means
970 1864 977 1878 ‘
992 1863 1104 1894 based
1127 1873 1171 1893 on
1196 1873 1218 1894 a
1234 1862 1322 1893 false
1335 1862 1415 1893 idea
1428 1862 1469 1893 of

296 1907 391 1936 what
406 1906 434 1936 is
448 1905 545 1945 good
558 1916 598 1936 or
610 1915 802 1946 necessary
815 1905 836 1936 ¹:
863 1906 895 1935 αἱ
912 1906 945 1936 δὲ
957 1906 1032 1943 (τῶν
1046 1905 1232 1945 ἐπιθυμιῶν)
1249 1907 1319 1937 οὔτε
1331 1906 1462 1944 φυσικαὶ

298 1952 367 1979 οὔτε
391 1949 570 1987 ἀναγκαῖαι,
598 1949 682 1978 ἀλλὰ
707 1950 791 1988 παρὰ
816 1948 906 1986 κενὴν
925 1949 1017 1988 δόξαν
1035 1949 1207 1990 γινόμεναι.
1230 1948 1402 1992 Epicurus
1429 1951 1461 1982 in

298 1992 480 2032 Diogenes
498 1990 662 2022 Laertius
683 1998 730 2022 10.
755 2000 822 2031 149.

404 2045 452 2077 50
