1574 2364
563 157 758 195 CICERO
788 157 863 194 DE
894 157 1112 196 FINIBUS

256 240 266 256 ‘
279 248 345 285 An
382 246 471 292 me,’
508 248 652 292 inquis,
689 237 701 254 ‘
714 251 796 283 tam
834 251 1036 283 amentem
1074 250 1191 292 putas
1229 249 1275 281 ut
1312 244 1415 290 apud

255 325 458 368 imperitos
478 324 553 358 isto
573 321 691 358 modo
710 321 875 367 loquar?
890 320 1014 358 ‘—-At
1034 325 1079 357 tu
1101 319 1241 357 eadem
1260 322 1335 356 ista
1356 319 1418 355 dic

258 400 299 433 in
320 397 463 433 iudicio
483 401 563 440 aut,
581 398 611 432 si
628 409 811 432 coronam
828 398 958 440 times,
974 395 1037 432 dic
1053 398 1094 431 in
1110 399 1260 431 senatu.
1300 394 1421 430 Num-

262 485 378 517 quam
398 471 527 507 facies.
562 471 651 516 Cur,
673 473 747 507 nisi
769 470 874 516 quod
896 472 1020 515 turpis
1041 471 1165 506 oratio
1182 470 1271 506 est?
1305 469 1424 505 Mene

257 559 352 590 ergo
369 550 410 582 et
430 545 622 581 Triarium
639 545 780 590 dignos
796 547 995 581 existimas
1011 543 1116 590 apud
1136 556 1232 589 quos
1253 545 1423 589 turpiter

255 620 438 666 loquare?

311 695 465 732 XXIII.
497 686 683 732 “Verum
714 700 824 732 esto:
855 695 1020 732 verbum
1053 697 1182 740 ipsum
1211 693 1423 739 voluptatis

258 784 337 808 non
378 770 500 808 habet
536 770 789 816 dignitatem,
815 783 890 806 nec
930 783 1001 806 nos
1028 769 1193 806 fortasse
1226 769 1424 814 intellegi-

258 858 364 889 mus;
385 845 459 881 hoc
476 847 582 882 enim
598 845 820 881 identidem
833 844 976 888 dicitis,
998 857 1078 880 non
1098 843 1335 889 intellegere
1355 856 1424 879 nos

259 934 375 966 quam
403 920 541 956 dicatis
568 920 827 965 voluptatem.
890 919 987 955 Rem
1015 918 1202 955 videlicet
1226 917 1422 954 difficilem

260 1000 301 1032 et
321 995 548 1042 obscuram!
590 994 800 1031 Individua
821 1007 909 1030 cum
930 994 1060 1030 dicitis
1081 998 1123 1030 et
1142 993 1422 1037 intermundia,

261 1083 360 1115 quae
388 1083 462 1106 nec
490 1074 583 1106 sunt
609 1069 688 1105 ulla
716 1082 791 1105 nec
818 1073 983 1114 possunt
1010 1081 1109 1114 esse,
1138 1067 1423 1117 intellegimus,

262 1141 452 1186 voluptas,
474 1153 573 1186 quae
600 1140 821 1185 passeribus
845 1144 940 1176 nota
964 1143 1025 1176 est
1048 1139 1242 1184 omnibus,
1265 1152 1287 1174 a
1311 1139 1422 1175 nobis

261 1214 443 1259 intellegi
463 1227 542 1250 non
563 1214 724 1260 potest?
783 1213 889 1259 Quid
914 1216 944 1249 si
970 1213 1094 1249 efficio
1117 1217 1163 1250 ut
1186 1212 1335 1249 fateare
1359 1225 1423 1249 me

263 1303 343 1326 non
362 1288 479 1325 modo
500 1288 594 1333 quid
615 1291 666 1325 sit
686 1288 866 1334 voluptas
887 1290 985 1325 scire
1006 1279 1091 1332 (est
1107 1289 1213 1324 enim
1232 1287 1426 1324 iucundus

263 1369 396 1401 motus
416 1366 456 1399 in
477 1355 626 1408 sensu),
647 1362 717 1400 sed
746 1365 865 1399 etiam
892 1362 987 1408 quid
1015 1376 1102 1400 eam
1128 1367 1172 1399 tu
1197 1362 1292 1399 velis
1314 1362 1428 1399 esse?

263 1439 364 1476 Tum
396 1441 502 1475 enim
530 1452 616 1475 eam
644 1440 768 1484 ipsam
793 1440 850 1474 vis
875 1451 992 1483 quam
1018 1437 1136 1474 modo
1163 1450 1238 1482 ego
1264 1437 1359 1482 dixi,
1386 1441 1428 1474 et

263 1527 408 1551 nomen
424 1516 592 1559 imponis
612 1516 653 1549 in
672 1517 782 1549 motu
798 1517 843 1549 ut
863 1515 913 1549 sit
930 1517 971 1549 et
990 1511 1109 1548 faciat
1121 1511 1291 1557 aliquam
1303 1514 1425 1549 varie-

264 1594 402 1633 tatem,
424 1593 509 1625 tum
529 1588 646 1624 aliam
666 1587 864 1633 quandam
885 1580 1081 1624 summam
1096 1587 1342 1633 voluptatem
1363 1577 1424 1623 cui

263 1664 355 1701 addi
376 1663 473 1699 nihil
495 1666 643 1708 possit3
673 1676 760 1700 eam
780 1667 867 1699 tum
894 1662 1032 1699 adesse
1056 1675 1146 1698 eum
1169 1661 1281 1698 dolor
1300 1664 1425 1698 omnis

266 1739 391 1782 absit3
413 1751 498 1774 eam
516 1738 698 1774 stabilem
713 1737 900 1783 appellas.
951 1737 1011 1774 Sit
1031 1750 1124 1774 sane
1145 1739 1219 1773 ista
1234 1735 1424 1782 voluptas.

268 1813 343 1849 Die
369 1814 410 1848 in
434 1805 574 1857 quovis⁵
594 1817 792 1848 conventu
823 1816 865 1849 te
897 1814 1027 1848 omnia
1051 1811 1181 1848 faeere
1207 1824 1259 1848 ne
1283 1811 1426 1848 doleas.

265 1888 306 1924 Si
336 1899 388 1923 ne
418 1885 493 1922 hoe
525 1886 686 1931 quidem
718 1889 811 1922 satis
842 1886 987 1931 ample,
1019 1888 1113 1922 satis
1145 1885 1314 1922 honeste
1348 1885 1424 1921 diei

263 1966 390 2007 putas,
416 1960 479 1997 die
498 1965 540 1997 te
561 1963 692 1996 omnia
712 1965 754 1996 et
774 1963 815 1996 in
842 1962 918 1996 isto
942 1962 1175 2005 magistratu
1197 1965 1238 1996 et
1257 1962 1298 1995 in
1318 1962 1424 1996 omni

262 2039 342 2073 vita
371 2035 555 2126 ugilitatis
585 2039 679 2072 tuae
711 2047 826 2071 causa
853 2033 1063 2079 facturum,
1090 2033 1191 2071 nihil
1216 2035 1292 2071 nisi
1318 2033 1423 2079 quod

373 2095 387 2126 l
425 2094 448 2126 4
