1615 2359
612 119 808 157 CICERO
839 120 914 157 DE
944 120 1164 158 FINIBUS

303 202 437 244 potest
456 202 501 235 ut
527 200 634 235 inter
655 211 720 235 eos
741 201 808 244 qui
827 199 1038 245 ambigunt
1064 202 1274 237 conveniat
1300 200 1395 246 quid
1421 203 1473 238 sit

303 275 345 313 id
364 276 414 313 de
436 289 513 322 quo
533 281 692 322 agatur;
713 276 824 314 velut
843 279 884 314 in
903 276 979 314 hoc
998 280 1082 324 ipso
1102 277 1153 315 de
1173 291 1250 324 quo
1270 291 1376 315 nunc
1396 278 1474 316 dis-

303 359 497 400 putamus.
557 354 794 401 Quaerimus
820 358 927 393 enim
953 355 1073 393 finem
1099 356 1312 401 bonorum;
1340 369 1473 403 possu-

303 442 442 467 musne
462 429 538 467 hoc
554 432 652 467 scire
669 429 784 477 quale
801 433 863 476 sit,
877 433 952 467 nisi
972 430 1255 468 contulerimus
1270 433 1376 469 inter
1390 444 1474 478 nos,

302 517 392 541 cum
412 504 532 542 finem
546 505 740 542 bonorum
757 505 986 551 dixerimus,
1002 505 1099 551 quid
1119 505 1218 551 finis,
1235 505 1330 552 quid
1351 509 1471 544 etiam

250 584 270 616 5
302 582 353 616 sit
373 582 501 625 ipsum
521 580 693 616 bonum?
725 580 850 626 Atqui
869 580 967 617 haec
988 580 1202 626 patefactio
1218 583 1328 627 quasi
1342 594 1472 618 rerum

302 659 541 700 opertarum,
563 668 653 691 cum
677 654 772 700 quid
803 655 978 700 quidque
1004 658 1055 692 sit
1081 658 1268 702 aperitur,
1296 655 1474 693 definitio

303 734 383 773 est;
414 743 490 775 qua
510 734 554 766 tu
576 732 696 766 etiam
717 729 947 776 imprudens
973 730 1138 767 utebare
1165 743 1472 777 nonnumquam.

303 805 405 841 Nam
426 804 532 841 hunc
552 807 680 850 ipsum
701 807 781 841 sive
803 804 922 842 finem
943 807 1023 842 sive
1040 810 1261 842 extremum
1282 808 1363 843 sive
1382 805 1475 843 ulti-

302 892 412 916 mum
432 879 648 916 definiebas
669 879 709 916 id
731 892 815 917 esse
837 892 914 926 quo
935 882 1066 916 omnia
1086 893 1186 926 quae
1207 885 1316 917 recte
1334 880 1477 918 fierent

303 953 549 992 referrentur
565 967 695 1000 neque
713 953 753 990 id
769 956 898 1000 ipsum
913 967 1077 1000 usquam
1094 954 1320 992 referretur.
1354 955 1469 992 Prae-

303 1028 406 1066 clare
436 1028 511 1066 hoc
541 1029 713 1075 quidem.
775 1029 929 1065 Bonum
955 1031 1083 1074 ipsum
1105 1032 1224 1066 etiam
1249 1029 1344 1075 quid
1371 1035 1476 1067 esset

303 1102 467 1140 fortasse
484 1105 515 1140 si
531 1116 627 1150 opus
643 1103 781 1140 fuisset
794 1103 996 1140 definisses
1012 1108 1080 1140 aut
1095 1103 1200 1149 quod
1217 1109 1322 1141 esset
1336 1109 1475 1141 natura

303 1178 588 1225 appetendum,
610 1183 679 1216 aut
706 1179 811 1224 quod
843 1178 1062 1224 prodesset,
1083 1183 1152 1216 aut
1178 1178 1283 1225 quod
1310 1181 1476 1225 iuvaret,

303 1258 374 1290 aut
393 1253 498 1299 quod
524 1253 669 1290 liberet
696 1252 823 1290 modo.
884 1253 1001 1289 Nunc
1030 1252 1149 1298 idem,
1171 1255 1245 1290 nisi
1265 1253 1476 1290 molestum

305 1333 379 1374 est,
401 1330 586 1374 quoniam
607 1328 680 1364 tibi
701 1341 782 1364 non
802 1330 962 1364 omnino
983 1327 1168 1374 displicet
1187 1327 1352 1365 definire
1374 1333 1416 1365 et
1435 1328 1474 1365 id

305 1403 399 1439 facis
419 1416 509 1439 cum
524 1405 594 1449 vis,
607 1402 726 1440 velim
746 1402 909 1439 definias
929 1402 1025 1448 quid
1045 1405 1096 1439 sit
1115 1402 1308 1448 voluptas,
1329 1402 1378 1440 de
1399 1415 1476 1448 quo

251 1477 275 1515 6
306 1480 432 1515 omnis
461 1477 560 1515 haec
590 1480 769 1524 quaestio
799 1476 898 1514 est.”
958 1467 1105 1523 “Quis,
1126 1476 1310 1523 quaeso,''
1332 1479 1490 1522 inquit,-

305 1544 400 1590 “est
420 1555 486 1598 qui
513 1552 609 1598 quid
636 1555 688 1589 sit
706 1551 888 1598 voluptas
908 1554 1060 1589 nesciat
1079 1556 1148 1588 aut
1167 1553 1233 1597 qui
1254 1564 1331 1597 quo
1349 1554 1474 1597 magis

302 1628 343 1665 id
363 1627 575 1673 intellegat
595 1626 869 1664 definitionem
889 1626 1060 1672 aliquam
1081 1626 1338 1664 desideret?’'
1370 1617 1472 1664 “Me

303 1706 432 1748 ipsum
467 1714 552 1740 esse
587 1701 801 1747 dicerem,''
834 1703 1009 1748 inquam,
1045 1691 1153 1738 “nisi
1191 1700 1288 1738 mihi
1319 1700 1474 1738 viderer

301 1777 448 1814 habere
468 1777 571 1813 bene
592 1778 792 1822 cognitam
812 1775 1056 1822 voluptatem
1077 1780 1119 1812 et
1138 1778 1232 1812 satis
1252 1774 1361 1812 firme
1382 1787 1466 1812 con‹

301 1856 458 1899 ceptam
478 1853 609 1888 animo
629 1855 748 1897 atque
770 1863 1051 1896 comprensam.
1093 1849 1210 1886 Nunc
1230 1854 1364 1887 autem
1385 1849 1472 1887 dico

298 1929 427 1973 ipsum
447 1926 659 1972 Epicurum
681 1928 832 1962 nescire
854 1929 896 1963 et
914 1927 955 1962 in
975 1937 1022 1963 eo
1041 1929 1196 1970 nutare,
1212 1936 1382 1970 eumque
1403 1926 1468 1970 qui

299 2002 436 2040 crebro
467 2001 573 2038 dicat
606 2000 821 2046 diligenter
855 2004 1038 2046 oportere
1072 2001 1239 2045 exprimi
1271 2011 1370 2045 quae
1408 2000 1465 2035 vis

409 2060 458 2092 82
