1574 2364
189 886 237 918 50

567 140 762 178 CICERO
793 139 868 176 DE
898 139 1116 178 FINIBUS

267 221 413 258 habere
433 226 479 257 ut
498 223 608 265 quasi
629 219 749 256 duces
770 222 850 256 sint
868 219 918 256 ad
939 219 1186 266 voluptatem
1206 224 1248 257 et
1262 219 1312 257 ad
1328 220 1430 258 vale-

267 277 449 313 tudinem
481 276 638 319 bonam,
664 274 735 311 sed
765 277 886 310 etiam
912 277 972 311 uti
999 287 1046 311 ea
1072 277 1324 312 contineant:
1351 289 1430 312 non

267 332 374 368 idem
394 330 524 367 facere
545 342 610 366 eas
636 332 677 365 in
701 331 848 365 virtute
875 342 1006 374 neque
1033 332 1073 365 in
1101 333 1242 367 ceteris
1269 331 1430 376 artibus,

267 387 317 422 ad
349 398 443 431 quas
475 397 560 421 esse
592 384 671 420 dux
698 387 867 429 pecunia
892 389 1038 429 potest,
1065 387 1269 421 continere
1296 390 1430 422 autem

268 454 347 477 non
367 444 524 486 potest3
545 442 680 484 itaque
704 442 736 475 si
762 438 943 484 voluptas
962 444 1032 476 aut
1058 442 1090 475 si
1116 440 1219 475 bona
1245 439 1430 477 valetudo

267 499 318 532 sit
338 498 378 531 in
399 495 524 540 bonis,
545 494 701 530 divitias
722 506 879 539 quoque
899 496 939 529 in
960 494 1071 530 bonis
1092 507 1177 531 esse
1203 495 1406 539 ponendas
1423 508 1430 532 :

267 556 309 587 at
328 553 360 587 si
379 552 574 596 sapientia
594 550 741 585 bonum
762 551 826 593 sit,
842 561 921 584 non
938 551 1049 594 sequi
1069 553 1114 585 ut
1135 552 1255 585 etiam
1275 549 1430 586 divitias

267 607 415 642 bonum
435 617 520 641 esse
541 604 726 641 dicamus.
768 603 909 649 Neque
930 604 979 639 ab
999 603 1079 639 ulla
1098 617 1140 640 re
1161 617 1260 649 quae
1281 617 1360 640 non
1381 608 1431 641 sit

268 664 307 697 in
332 661 444 696 bonis
470 660 511 696 id
538 659 643 704 quod
674 661 726 696 sit
756 661 797 694 in
829 659 940 694 bonis
972 662 1166 695 contineri
1193 664 1349 704 potest,
1381 660 1430 695 ob

267 728 433 761 eamque
455 727 623 760 causam,
644 716 735 759 quia
761 715 1008 758 cognitiones
1035 716 1430 759 comprensionesque

267 784 412 815 rerum,
433 783 454 806 e
480 769 620 815 quibus
646 769 867 805 efficiuntur
890 773 1008 813 artes,
1035 771 1322 814 appetitionem
1348 782 1430 805 mo·

267 830 376 870 vent,
397 838 486 861 cum
506 824 667 861 divitiae
686 836 767 860 non
787 826 868 859 sint
886 826 927 859 in
948 824 1073 868 bonis,
1089 823 1197 859 nulla
1212 836 1271 860 ars
1285 823 1432 861 divitiis

268 882 463 917 contineri
493 884 636 925 potest.
697 877 815 924 Quod
841 880 873 914 si
899 877 949 914 de
976 879 1125 914 artibus
1157 878 1430 924 concedamus,

269 938 424 972 virtutis
450 939 584 970 tamen
611 946 691 970 non
720 936 772 970 sit
798 932 938 969 eadem
963 935 1076 978 ratio,
1097 938 1306 979 propterea
1327 933 1430 979 quod

268 991 365 1027 haec
386 989 577 1036 plurimae
599 990 943 1024 commentationis
960 992 1002 1024 et
1017 989 1311 1025 exercitationis
1327 988 1428 1024 indi-

267 1050 374 1091 geat,
401 1044 506 1090 quod
533 1043 640 1080 idem
668 1046 709 1079 in
738 1043 887 1079 artibus
913 1055 993 1078 non
1020 1045 1084 1088 sit,
1111 1047 1153 1079 et
1178 1042 1284 1088 quod
1309 1046 1431 1080 virtus

268 1100 542 1143 stabilitatem,
581 1098 822 1142 firmitatem,
862 1100 1125 1134 constantiam
1166 1100 1288 1134 totius
1327 1101 1431 1134 vitae

269 1155 556 1200 complectatur
576 1166 649 1190 nec
670 1153 768 1189 haec
789 1152 929 1189 eadem
956 1155 997 1188 in
1026 1152 1175 1189 artibus
1194 1165 1280 1190 esse
1300 1152 1431 1190 videa-

268 1223 364 1247 mus.

323 1256 559 1309 “Deinceps
584 1262 804 1308 explicatur
830 1261 1053 1298 differentia
1078 1274 1230 1298 rerum:
1256 1275 1374 1308 quam
1400 1265 1431 1299 si

269 1333 348 1357 non
368 1319 489 1356 ullam
510 1330 595 1355 esse
611 1317 845 1362 diceremus,
862 1316 1174 1353 confunderetur
1193 1319 1318 1354 omnis
1338 1319 1430 1362 vita,

269 1381 315 1412 ut
337 1375 386 1411 ab
413 1374 613 1418 Aristone,
636 1385 767 1417 neque
794 1372 918 1408 ullum
947 1374 1165 1417 sapientiae
1192 1385 1335 1409 munus
1363 1377 1432 1409 aut

269 1443 366 1476 opus
392 1430 649 1473 inveniretur,
677 1440 766 1464 cum
792 1430 898 1463 inter
923 1440 985 1463 res
1012 1439 1076 1464 eas
1103 1439 1204 1472 quae
1229 1427 1279 1464 ad
1310 1429 1431 1464 vitam

269 1483 494 1530 degendam
514 1485 763 1529 pertinerent
782 1481 881 1518 nihil
901 1484 1061 1518 omnino
1075 1484 1287 1518 interesset
1302 1495 1431 1527 neque

270 1540 395 1577 ullum
433 1538 624 1575 dilectum
661 1537 841 1574 adhiberi
879 1541 1091 1582 oporteret.
1163 1536 1303 1582 Itaque
1343 1550 1431 1573 cum

271 1598 376 1632 esset
402 1595 495 1630 satis
522 1595 782 1629 constitutum
809 1592 849 1628 id
875 1591 1002 1628 solum
1033 1604 1118 1628 esse
1149 1592 1296 1628 bonum
1327 1592 1431 1637 quod

270 1654 376 1687 esset
401 1648 613 1684 honestum
635 1653 677 1684 et
696 1647 736 1683 id
752 1647 899 1683 malum
919 1646 1045 1683 solum
1064 1646 1170 1692 quod
1196 1651 1325 1692 turpe,
1345 1651 1431 1683 tum

269 1708 374 1741 inter
412 1703 479 1739 illa
517 1716 616 1748 quae
656 1702 754 1738 nihil
793 1701 973 1738 valerent
1005 1701 1056 1738 ad
1088 1702 1206 1738 beate
1239 1704 1431 1739 misereve

313 1817 373 1849 ²1t
396 1817 426 1848 is
450 1820 486 1847 to
509 1816 552 1847 be
576 1814 817 1846 remembered
841 1815 920 1845 that
939 1813 1082 1853 ‘artesf
1098 1814 1249 1852 technm’,
1269 1814 1431 1846 included

272 1860 505 1903 professions,
520 1858 642 1890 trades
659 1858 730 1889 and
746 1857 967 1889 handIcrafts
983 1867 1026 1889 as
1042 1858 1118 1889 well
1135 1868 1177 1889 as
1190 1858 1347 1889 sciences
1360 1858 1431 1889 and

271 1905 329 1936 the
353 1903 420 1934 fine
444 1907 532 1939 arts,
559 1902 630 1933 and
656 1902 682 1933 it
708 1901 738 1933 is
763 1901 803 1932 of
826 1901 884 1932 the
912 1901 1058 1942 simplet·
1084 1900 1196 1932 crafts
1220 1901 1297 1932 that
1320 1902 1430 1942 philo-

271 1948 431 1989 sophers,
456 1944 640 1986 following
663 1945 843 1981 Socrates,
869 1954 963 1975 were
986 1944 1116 1985 mostly
1139 1943 1305 1985 thinking
1329 1945 1428 1975 when

271 1993 354 2032 they
370 1988 559 2029 compared
583 1987 654 2019 and
678 1986 882 2019 eontrasted
909 1986 966 2017 the
990 1987 1092 2018 other
1109 1987 1244 2018 ‘artes'
1261 1988 1344 2018 with
1369 1987 1428 2020 the

273 2036 354 2065 ‘ars
371 2032 534 2063 vivendi!

377 2081 452 2119 268
