1574 2359
604 135 799 173 CICERO
830 135 904 172 DE
935 136 1154 174 FINIBUS

296 231 411 263 quam
434 219 517 254 sine
540 229 654 253 causa
674 205 837 260 dicere),
860 219 901 251 et
926 214 1038 252 illum
1065 220 1217 253 motum
1237 216 1459 256 naturalem

296 291 471 325 omnium
492 287 728 334 ponderum,
748 290 794 323 ut
820 288 903 332 ipse
931 289 1150 333 constituit,
1173 300 1194 325 e
1221 291 1383 334 regione
1403 291 1462 326 in-

297 360 481 396 feriorem
500 359 630 395 locum
646 359 884 404 petentium,
905 359 989 395 sine
1010 371 1125 396 causa
1141 361 1286 405 eripuit
1305 361 1444 397 atomis
1455 372 1464 404 ;

297 444 370 467 nec
392 436 527 467 tamen
548 429 588 465 id
609 431 717 465 cuius
739 441 854 465 causa
873 428 971 465 haec
987 428 1154 466 finxerat
1169 435 1369 467 assecutus
1390 435 1460 468 est.

297 502 398 538 Nam
430 504 461 538 si
493 513 629 537 omnes
660 502 782 536 atomi
813 499 1085 546 declinabunt,
1114 501 1247 538 nullae
1276 514 1462 547 umquam

295 573 598 612 cohaerescent:
628 574 709 608 sive
729 570 828 608 aliae
849 570 1121 617 declinabunt,
1145 572 1243 609 aliae
1264 585 1333 609 suo
1360 578 1459 610 nutu

295 649 404 681 rec-te
442 643 635 688 ferentur,
670 645 841 688 primum
880 645 955 678 erit
987 642 1062 679 hoc
1096 645 1205 688 quasi
1244 646 1461 689 provincias

292 717 433 752 atomis
457 714 563 760 dare,
585 727 685 760 quae
711 718 834 759 recte,
861 726 961 759 quae
989 713 1146 759 oblique
1173 714 1363 760 ferantur,
1393 715 1461 751 de-

297 787 389 823 inde
411 786 551 823 eadem
571 785 638 821 illa
657 789 877 821 atomorum
899 776 956 828 (in
977 798 1054 829 quo
1076 787 1194 821 etiam
1212 785 1462 823 Democritus

296 849 455 901 haeret)
486 855 718 893 turbulenta
749 858 952 892 concursio
983 855 1088 892 hunc
1115 856 1253 892 mundi
1280 861 1461 894 ornatum

298 929 450 965 efficere
464 941 544 964 non
558 929 716 973 poterit.
758 926 821 963 Ne
834 926 933 962 illud
946 926 1107 972 quidem
1120 926 1285 973 physici,
1300 927 1461 965 credere

294 999 442 1045 aliquid
481 1011 565 1035 esse
603 1000 831 1039 minimum;
879 997 984 1042 quod
1021 997 1200 1043 profecto
1246 1011 1461 1044 numquam

296 1073 514 1117 putavisset
548 1072 579 1105 si
613 1082 635 1104 a
670 1068 869 1114 Polyaeno
902 1068 1083 1104 familiari
1118 1081 1187 1105 suo
1220 1072 1460 1114 geometrica

296 1143 448 1178 discere
469 1140 672 1177 maluisset
693 1153 809 1185 quam
830 1139 941 1175 illum
963 1142 1083 1176 etiam
1103 1143 1231 1185 ipsum
1251 1140 1456 1178 dedocere.

297 1214 361 1251 Sol
379 1212 608 1248 Democrito
623 1224 789 1255 magnus
804 1210 971 1255 videtur,
982 1213 1127 1256 quippe
1140 1210 1291 1247 homini
1306 1211 1461 1248 erudito

298 1288 335 1320 in
354 1285 653 1328 geometriaque
666 1281 865 1328 perfect03
889 1281 981 1318 huic
996 1281 1146 1327 pedalis
1160 1281 1344 1319 fortasse:
1374 1288 1460 1319 tan-

296 1361 381 1392 tum
403 1357 508 1391 enim
531 1367 615 1390 csse
637 1358 774 1390 censet
794 1358 964 1398 quantus
984 1353 1153 1398 videtur,
1175 1353 1236 1389 vel
1256 1353 1373 1399 paulo
1393 1360 1461 1391 aut

296 1424 483 1458 maiorem
497 1426 565 1457 aut
581 1422 783 1456 minorem.
836 1419 897 1455 Ita
913 1432 1012 1464 quae
1028 1424 1157 1456 mutat
1173 1432 1218 1456 ea
1234 1424 1460 1467 corrumpit,

295 1501 395 1534 quae
434 1489 612 1532 sequitur
649 1492 743 1523 sunt
780 1490 864 1522 tota
899 1486 1129 1531 Democriti,
1162 1488 1295 1531 atomi,
1329 1488 1459 1531 inane,

296 1557 500 1599 imagines,
522 1566 622 1598 quae
647 1552 781 1589 εἴδωλα
807 1555 1028 1598 nominant,
1049 1565 1214 1597 quorum
1234 1555 1456 1590 incursione

294 1634 373 1657 non
401 1620 526 1656 solum
554 1619 755 1656 videamus
782 1618 852 1655 sed
876 1621 995 1655 etiam
1023 1621 1261 1663 cogitemus3
1290 1619 1458 1657 infinitio

294 1691 390 1733 ipsa,
412 1699 529 1731 quam
551 1684 723 1731 ἀπειρίαν
742 1690 896 1730 vocant,
917 1689 1002 1722 tota
1027 1685 1077 1721 ab
1103 1685 1171 1721 illo
1198 1690 1271 1731 est,
1291 1690 1377 1722 tum
1398 1689 1457 1723 in-

293 1752 557 1790 numerabiles
595 1751 734 1788 mundi
773 1754 839 1796 qui
879 1756 920 1788 et
957 1753 1132 1788 oriantur
1179 1756 1221 1788 et
1258 1754 1458 1792 intereant

340 1846 593 1877 aDemoeritus
623 1844 810 1886 explained
842 1845 941 1885 sight
965 1855 1007 1876 as
1031 1845 1140 1887 being
1165 1847 1296 1877 caused
1328 1847 1373 1888 by
1399 1850 1457 1880 the

298 1891 430 1931 impact
447 1900 491 1920 on
508 1890 566 1919 the
584 1899 648 1929 eye
665 1888 704 1918 of
723 1888 813 1918 filins
829 1898 869 1918 or
891 1889 1003 1919 husks
1020 1889 1132 1919 which
1156 1900 1217 1920 are
1241 1891 1456 1931 continually

298 1934 408 1973 being
444 1933 581 1963 thrown
613 1931 661 1961 off
693 1931 782 1961 from
810 1931 869 1961 the
897 1931 1036 1962 sursace
1062 1932 1102 1962 of
1127 1930 1274 1973 objects.
1338 1934 1455 1965 These

301 1980 308 1993 ‘
321 1973 721 2017 images,'penetrating
737 1978 773 2004 to
791 1974 847 2004 the
865 1974 959 2004 mind
976 1975 1130 2016 through
1147 1976 1206 2006 the
1222 1986 1328 2016 pores
1344 1976 1384 2008 of
1396 1977 1454 2009 the

237 2045 243 2053 .
297 2019 406 2060 body,
422 2019 499 2050 also
516 2016 648 2049 caused
665 2017 795 2048 mental
812 2016 1043 2058 impressions

401 2072 451 2106 22
