1615 2359
611 147 808 184 CICERO
839 147 914 185 DE
944 147 1164 186 FINIBUS

300 226 494 271 alienum3
523 239 615 263 nam
630 231 725 264 ante
741 226 979 273 Aristippus,
996 231 1039 264 et
1053 226 1120 264 ille
1135 227 1288 264 melius.
1347 226 1472 263 Addi-

303 298 396 335 disti
411 298 461 334 ad
478 303 714 343 extremum,
731 301 851 335 etiam
867 298 1072 335 indoctum
1087 298 1244 335 fuisse.’'
1296 287 1470 342 “Fieri,”

302 371 474 415 inquam,
497 360 666 415 “Triari,
683 369 793 406 nullo
809 373 926 415 pacto
941 374 1076 415 potest
1090 374 1136 406 ut
1150 383 1230 406 non
1251 369 1357 406 dicas
1377 367 1472 414 quid

301 453 381 476 non
412 441 553 486 probes
583 443 666 478 eius
696 454 718 476 a
746 453 823 486 quo
853 441 1071 478 dissentias.
1132 440 1240 486 Quid
1271 442 1378 477 enim
1407 452 1472 476 nie

302 511 531 556 prohiberet
563 511 802 557 Epicureum
834 524 932 558 esse,
965 514 996 549 si
1027 512 1235 558 probarem
1271 524 1371 557 quae
1404 511 1472 548 ille

302 584 478 621 diceret?
508 598 596 621 cum
617 588 850 631 praesertim
873 585 940 621 illa
962 585 1187 632 perdiscere
1211 585 1328 622 ludus
1354 589 1468 622 esset.

303 657 570 703 Quamobrem
595 658 916 696 dissentientium
944 662 1049 696 inter
1076 672 1118 696 se
1143 659 1472 706 reprehensiones

302 742 382 766 non
402 735 496 767 sunt
515 730 800 776 vituperandae
812 744 821 776 3
851 730 1075 776 maledicta,
1093 730 1371 776 contumeliae,
1387 735 1472 767 tum

302 795 527 838 iracundae1
554 804 831 838 contentiones
856 804 1249 848 concertationesque
1276 804 1317 838 in
1342 801 1474 847 dispu-

302 871 424 909 tando
459 875 682 918 pertinaces
717 873 905 918 indignae
939 872 1188 919 philosophia
1221 872 1319 909 mihi
1350 872 1475 909 videri

304 946 470 983 solent.’'
491 945 592 981 Tum
601 944 836 990 Torquatus:
847 935 872 951 “
881 944 1079 990 Prorsus,’'
1091 934 1474 990 inquit,“assentior;

302 1030 432 1063 neque
460 1019 567 1053 enim
594 1016 785 1062 disputari
816 1018 901 1053 sine
931 1015 1254 1062 reprehensione,
1281 1028 1356 1052 nec
1383 1028 1472 1052 cum

302 1088 503 1125 iracundia
523 1092 592 1124 aut
611 1090 828 1133 pertinacia
849 1092 957 1124 recte
979 1087 1171 1133 disputari
1189 1091 1333 1133 potest.
1392 1086 1471 1124 Sed

301 1160 351 1197 ad
371 1160 481 1205 haec,
498 1162 573 1196 nisi
593 1159 805 1196 molestum
821 1164 894 1205 est,
911 1159 1039 1196 habeo
1055 1172 1155 1205 quae
1171 1158 1328 1195 velim.”
1379 1148 1471 1194 “An

624 1220 733 1266 “nisi
753 1235 794 1266 te
814 1230 951 1267 audire
972 1230 1129 1275 vellem,
1148 1242 1285 1267 censes
1301 1229 1398 1266 haec
1415 1229 1473 1265 di-

302 1231 406 1276 me,'’
428 1233 602 1276 inquam,

304 1308 460 1339 cturum
478 1301 621 1338 fuisse?
637 1301 657 1313 ’'
677 1292 701 1308 “
717 1301 862 1337 Utrum
878 1304 999 1346 igitur
1014 1303 1189 1347 percurri
1205 1313 1364 1337 omnem
1380 1300 1474 1346 Epi-

303 1376 385 1411 curi
400 1373 647 1418 disciplinam
660 1372 804 1418 placet,
821 1386 871 1408 an
887 1372 936 1409 de
952 1386 1028 1408 una
1044 1372 1246 1418 voluptate
1263 1374 1410 1417 quaeri,
1423 1371 1473 1408 de

302 1458 379 1490 qua
406 1457 522 1481 omne
552 1448 755 1480 certamen
776 1443 897 1479 est?''
958 1433 1076 1479 “Tuo
1097 1455 1188 1479 vero
1208 1442 1250 1479 id
1269 1441 1471 1487 quide1n,''

301 1519 475 1562 inquam,
496 1506 735 1551 “arbitratu.
749 1514 770 1526 ”
830 1505 855 1521 “
871 1514 934 1551 Sic
964 1513 1105 1550 faciam
1133 1513 1292 1559 igitur,’'
1315 1515 1444 1559 inquit
1462 1524 1472 1550 τ

301 1578 454 1623 “unam
474 1600 559 1623 rem
579 1586 784 1632 explicabo
800 1599 966 1631 eamque
982 1588 1213 1629 maximam3
1234 1584 1285 1622 de
1300 1583 1472 1631 physicis

299 1659 417 1702 alias;
448 1662 489 1694 et
510 1656 670 1703 quidem
691 1658 765 1694 tibi
786 1662 828 1694 et
847 1657 1158 1694 declinationem
1181 1658 1298 1693 istam
1317 1661 1467 1692 atomo-

299 1745 386 1769 rum
417 1736 459 1768 et
489 1731 808 1776 magnitudinem
840 1730 929 1767 solis
961 1730 1147 1777 probabo,
1177 1734 1219 1767 et
1250 1729 1470 1766 Democriti

302 1806 429 1839 errata
449 1802 498 1837 ab
519 1801 689 1847 Epicuro
716 1800 959 1846 reprehensa
986 1805 1029 1837 et
1056 1803 1231 1836 correcta
1258 1798 1467 1844 permulta.

298 1869 415 1906 Nunc
431 1868 559 1905 dicam
574 1867 625 1904 de
641 1867 858 1913 voluptate,
875 1867 975 1903 nihil
994 1866 1145 1904 scilicet
1156 1867 1261 1911 novi,
1277 1877 1323 1901 ea
1335 1869 1469 1901 tamen

299 1952 399 1985 quae
415 1943 457 1976 te
473 1941 600 1984 ipsum
618 1938 874 1984 probaturum
890 1950 975 1974 esse
991 1935 1224 1973 confidam.’'
1269 1925 1296 1942 “
1309 1931 1466 1978 Certe,''

508 2041 520 2062 ²
534 2043 724 2075 iracundae
739 2041 834 2073 Mdv.
843 2052 853 2079 ς
877 2041 1085 2073 iracundiae
1102 2039 1203 2072 MSS.

408 2098 458 2131 30
