1574 2364
220 1037 264 1073 71

600 135 795 173 CICERO
826 135 901 172 DE
930 135 1150 174 FINIBUS

300 221 435 253 autem
469 216 574 252 facta
608 221 650 252 et
688 220 852 260 peccata
885 228 965 251 non
998 215 1198 252 habentur
1232 218 1453 253 communia

357 270 621 315 “Amicitiam
641 283 776 314 autem
796 278 1064 321 adhibendam
1085 292 1170 315 esse
1191 285 1358 316 censent
1377 283 1468 325 quia

300 344 351 378 sit
378 355 425 378 ex
454 354 500 377 eo
526 354 676 387 genere
703 354 804 386 quae
828 346 1003 386 prosunt.
1064 341 1314 387 Quamquam
1334 347 1466 379 autem

299 408 339 440 in
373 407 545 440 amicitia
579 404 644 439 alii
678 404 814 440 dicant
851 417 977 449 aeque
1016 417 1144 440 caram
1179 418 1264 441 esse
1299 407 1467 450 sapienti

299 470 494 503 rationem
537 469 651 502 amici
690 480 735 502 ac
774 480 896 511 suam,
935 467 1001 503 alii
1039 472 1175 503 autem
1213 468 1287 504 sibi
1325 470 1466 513 cuique

301 533 490 566 cariorem
507 543 628 574 suam,
645 535 781 566 tamen
801 529 843 565 hi
864 543 1020 574 quoque
1037 533 1273 575 posteriores
1290 530 1467 566 fatentur

300 593 473 628 alienum
494 605 578 629 esse
600 606 621 628 a
642 595 805 637 iustitia,
826 592 876 628 ad
903 606 1020 638 quam
1041 596 1125 629 nati
1146 606 1230 629 esse
1251 593 1466 638 videamur,

301 654 511 691 detrahere
533 655 628 700 quid
650 655 699 691 de
720 655 851 699 aliquo
872 655 977 700 quod
998 656 1071 691 sibi
1091 661 1273 692 assumat.
1299 656 1466 691 Minime

300 730 392 754 vero
427 718 615 763 probatur
649 717 740 753 huic
775 717 1006 763 disciplinae
1041 718 1091 754 de
1123 731 1200 763 qua
1232 718 1369 763 loquor
1399 723 1468 754 aut

299 783 491 817 iustitiam
517 785 586 816 aut
612 783 825 816 amicitiam
847 786 1009 826 propter
1029 781 1224 817 utilitates
1244 784 1379 817 ascisci
1399 786 1468 817 aut

299 844 464 889 probari.
525 843 701 879 Eaedem
722 846 828 879 enim
849 843 1044 880 utilitates
1064 848 1254 889 poterunt
1275 857 1339 880 eas
1358 843 1466 880 labe-

299 906 447 942 factare
477 911 597 951 atque
624 911 863 951 pervertere.
925 906 1087 942 Etenim
1113 919 1188 943 nec
1214 909 1366 943 iustitia
1390 919 1465 943 nec

299 971 472 1004 amicitia
507 980 591 1004 esse
627 971 788 1004 omnino
826 974 1016 1014 poterunt
1054 971 1130 1005 nisi
1168 972 1275 1014 ipsae
1314 982 1385 1014 per
1422 981 1464 1005 se

300 1024 571 1077 expetuntur.1
632 1031 697 1067 Ius
724 1036 871 1076 autem,
897 1031 1002 1076 quod
1023 1034 1077 1067 ita
1097 1031 1174 1067 dici
1195 1032 1463 1077 appellarique

297 1098 432 1141 possit,
459 1095 500 1130 id
527 1107 611 1130 esse
639 1099 799 1137 natura3
830 1094 1083 1139 alienumque
1115 1107 1199 1130 esse
1231 1108 1253 1130 a
1284 1097 1462 1140 sapiente

296 1171 377 1194 non
396 1157 513 1193 modo
534 1160 715 1192 iniuriam
742 1159 804 1192 cui
831 1156 960 1193 facere
987 1170 1123 1192 verum
1155 1159 1274 1193 etiam
1306 1169 1458 1193 nocere.

298 1221 383 1257 Nec
410 1233 502 1257 vero
529 1225 683 1256 rectum
711 1224 771 1256 est
803 1233 892 1255 cum
923 1222 1057 1256 amicis
1084 1225 1152 1256 aut
1182 1220 1284 1256 bene
1311 1222 1461 1256 meritis

296 1286 519 1320 consociare
551 1287 620 1318 aut
651 1285 891 1327 coniungere
923 1285 1125 1325 iniuriam3
1155 1284 1460 1327 gravissimeque

297 1351 339 1383 et
376 1348 577 1382 verissime
616 1344 847 1381 defenditur
886 1357 1100 1389 numquam
1134 1348 1377 1390 aequitatem
1411 1345 1460 1380 ab

295 1411 469 1447 utilitate
483 1422 595 1456 posse
609 1412 776 1454 seiungi,
791 1413 831 1445 et
844 1409 1035 1454 quidquid
1051 1423 1220 1454 aequum
1234 1412 1458 1454 iustumque

296 1479 401 1510 esset
421 1473 461 1509 id
482 1476 602 1509 etiam
622 1472 848 1516 honestum,
869 1474 1116 1516 vicissimque
1137 1471 1328 1517 quidquid
1353 1477 1458 1508 esset

295 1536 507 1572 honestum
527 1535 567 1571 id
588 1538 735 1571 iustum
755 1537 876 1571 etiam
895 1539 1015 1579 atque
1035 1547 1202 1579 aequum
1225 1533 1319 1570 fore.

524 1606 781 1646 'expelunlun‘
797 1606 855 1636 inf.
877 1605 976 1636 MSS.
997 1609 1217 1646 expelanlur.

338 1712 354 1729 a
367 1707 479 1737 Moral
497 1706 568 1736 and
585 1706 744 1736 immoral
762 1709 839 1736 acts
857 1705 906 1745 (a)
923 1706 1056 1736 viewed
1074 1705 1129 1735 for
1147 1705 1237 1735 their
1258 1706 1385 1735 results
1404 1705 1458 1735 for

295 1750 393 1790 good
409 1749 481 1780 and
498 1750 530 1779 ill
552 1749 657 1779 affect
679 1750 723 1778 all
750 1749 928 1784 mankind,
955 1748 1006 1788 (b)
1030 1748 1164 1779 viewed
1188 1748 1220 1777 in
1245 1748 1456 1778 themselves

296 1803 445 1823 concern
462 1793 519 1822 the
537 1798 647 1831 agent
664 1793 760 1831 only:
778 1793 878 1821 while
897 1793 929 1821 in
946 1791 1028 1821 both
1051 1796 1196 1831 aspects
1219 1791 1302 1830 they
1327 1790 1370 1820 do
1395 1796 1455 1820 not

298 1835 408 1866 admit
425 1834 465 1865 of
477 1835 619 1873 degree,
639 1834 698 1864 but
713 1845 774 1864 are
788 1835 900 1864 either
911 1834 1008 1874 good
1021 1845 1060 1864 or
1072 1834 1154 1870 bad,
1171 1833 1267 1873 right
1279 1843 1319 1862 or
1331 1842 1456 1872 wrong

293 1879 504 1917 absolutely.
533 1877 706 1907 Whereas
723 1877 845 1916 things
862 1877 1060 1907 indifferent
1077 1876 1148 1914 (i.e.
1167 1875 1379 1915 everything
1396 1876 1456 1905 but

295 1922 406 1951 moral
422 1920 518 1960 good
535 1920 607 1949 and
623 1918 704 1959 evil)
721 1930 781 1949 are
799 1929 894 1949 more
910 1930 950 1949 or
966 1921 1036 1949 less
1052 1919 1325 1957 advantageous
1341 1928 1380 1947 or
1396 1918 1455 1947 the

295 1973 446 1999 reverse,
467 1963 547 1993 both
566 1967 602 1992 to
618 1962 676 1992 the
698 1971 827 2002 person
850 1962 1089 2002 immediately
1111 1960 1309 1992 concerned
1326 1959 1396 1990 and
1418 1966 1454 1990 to

293 2008 351 2037 the
368 2006 479 2036 world
495 2010 531 2036 at
549 2006 662 2044 large.

400 2076 477 2113 290
645 2056 651 2059 ’
