1574 2364
224 810 273 848 49

234 1812 283 1845 50

605 159 800 197 CICERO
832 159 906 196 DE
936 160 1155 198 FINIBUS

296 240 444 276 bonum
471 241 697 275 metiantur.
758 238 798 276 Si
831 242 937 275 enim
968 240 1018 276 ad
1045 239 1297 277 honestatem
1331 244 1462 278 omnia

299 310 522 347 referantur
542 323 673 354 neque
694 313 735 346 in
757 323 803 346 ea
822 310 1068 356 voluptatem
1093 311 1228 348 dicant
1248 314 1389 357 inesse,
1410 315 1466 348 ait

298 394 364 417 eos
385 393 479 416 voce
500 383 607 416 inani
628 393 765 417 sonare
794 372 871 424 (his
900 384 1006 417 enim
1035 384 1128 427 ipsis
1156 383 1284 419 verbis
1311 375 1467 428 utitur),

300 464 430 496 neque
440 451 676 495 intellegere
686 464 760 487 nec
770 451 903 487 videre
914 452 986 488 sub
995 451 1096 488 hanc
1103 465 1239 489 vocem
1247 453 1467 490 honestatis

300 535 399 567 quae
421 525 472 558 sit
492 522 721 558 subicienda
742 525 951 558 sententia.
1014 523 1070 559 Ut
1091 526 1197 559 enim
1222 524 1466 560 consuetudo

300 593 485 637 loquitur,
503 593 542 629 id
559 593 684 629 solum
700 593 844 629 dicitur
859 593 1071 630 honestum
1088 594 1193 639 quod
1209 600 1270 631 est
1290 595 1454 640 popular

300 664 403 700 fama
415 664 638 709 gloriosum.
701 663 830 709 Quod,
848 667 989 709 inquit,
1006 678 1242 710 quamquam
1256 666 1467 711 voluptati-

301 736 372 771 bus
393 735 627 780 quibusdam
649 740 709 771 est
730 748 847 780 saepe
868 735 1090 780 iucundius,
1111 741 1247 772 tamen
1269 740 1470 782 expetitur

303 811 465 852 propter
490 806 745 852 voluptatem.
808 806 981 843 Videsne
1006 820 1123 852 quam
1152 810 1202 844 sit
1226 820 1369 852 magna
1393 808 1470 845 dis-

304 878 457 914 sensio?
504 877 762 922 Philosophus
776 877 930 922 nobilis,
945 891 967 913 a
980 891 1057 923 quo
1070 891 1150 914 non
1167 878 1292 914 solum
1308 879 1472 915 Graecia

305 950 346 980 et
388 944 500 980 ltalia
535 944 604 980 sed
643 947 763 980 etiam
798 947 923 980 omnis
958 945 1134 981 barbaria
1169 951 1364 982 commota
1399 952 1471 991 est,

306 1002 518 1046 honestum
539 1011 633 1055 quid
655 1013 717 1054 sit,
739 1013 769 1046 si
798 1010 837 1046 id
865 1024 944 1046 non
973 1014 1023 1047 sit
1051 1014 1090 1046 in
1111 1011 1328 1057 voluptate,
1350 1018 1471 1057 negat

308 1090 348 1114 se
388 1077 638 1121 intellegere,
678 1079 753 1112 nisi
793 1076 894 1113 forte
930 1076 1029 1113 illud
1064 1077 1169 1122 quod
1204 1078 1470 1115 multitudinis

309 1156 463 1180 rumore
484 1142 678 1179 laudetur.
740 1143 825 1187 Ego
845 1148 979 1179 autem
1001 1143 1074 1179 hoc
1103 1147 1222 1180 etiam
1250 1150 1365 1190 turpe
1387 1158 1471 1182 esse

309 1223 426 1255 saepe
447 1210 577 1245 iudico
591 1214 644 1254 et,
659 1212 689 1245 si
710 1209 868 1254 quando
882 1214 999 1255 turpe
1015 1223 1095 1246 non
1111 1213 1174 1255 sit,
1188 1215 1274 1247 tum
1295 1224 1379 1248 esse
1393 1225 1473 1248 non

310 1282 425 1321 turpe
448 1289 535 1311 cum
557 1275 596 1311 id
617 1289 638 1311 a
658 1276 917 1312 multitudine
942 1276 1127 1312 laudetur
1151 1277 1256 1321 quod
1277 1280 1328 1313 sit
1348 1280 1475 1323 ipsum

311 1356 381 1389 per
402 1356 442 1378 se
464 1347 617 1378 rectum
644 1347 763 1387 atque
792 1342 1016 1386 laudabile3
1046 1348 1181 1379 tamen
1210 1356 1290 1379 non
1317 1345 1366 1379 ob
1391 1357 1477 1380 eam

313 1422 467 1445 causam
507 1408 604 1444 illud
639 1407 716 1444 dici
751 1421 835 1444 esse
870 1408 1082 1445 honestum
1117 1412 1208 1454 quia
1238 1410 1423 1446 laudetur
1455 1424 1478 1446 a

311 1476 458 1519 multis,
480 1475 549 1511 sed
577 1478 667 1520 quia
695 1474 774 1511 tale
802 1478 852 1511 sit
873 1480 930 1520 ut,
951 1475 1013 1511 vel
1041 1478 1071 1511 si
1100 1478 1329 1520 ignorarent
1348 1476 1388 1512 id
1408 1476 1476 1513 ho-

311 1544 438 1578 mines
459 1541 519 1577 vel
543 1544 572 1577 si
598 1542 902 1585 obmutuissent,
923 1554 991 1577 sua
1018 1546 1153 1577 tamen
1180 1541 1476 1587 pulchritudine

312 1613 417 1645 esset
430 1610 639 1652 specieque
655 1607 862 1643 laudabile.
915 1606 1054 1652 Itaque
1068 1607 1173 1644 idem
1187 1613 1326 1645 natura
1339 1612 1477 1651 victus,

312 1677 374 1710 cui
406 1674 541 1709 obsisti
576 1686 654 1708 non
683 1677 828 1718 potest,
857 1673 953 1709 dicit
979 1673 1054 1709 alio
1081 1674 1166 1710 loco
1192 1674 1233 1711 id
1259 1675 1363 1720 quod
1391 1689 1412 1711 a
1436 1681 1477 1713 te

313 1743 432 1776 etiam
453 1739 569 1784 paulo
590 1744 683 1775 ante
704 1739 855 1775 dictum
877 1744 950 1783 est,
972 1752 1051 1775 non
1072 1753 1185 1785 posse
1210 1741 1381 1778 iucunde
1402 1743 1478 1778 vivi

314 1809 385 1842 nisi
425 1808 544 1841 etiam
579 1804 756 1841 honeste.
817 1804 924 1850 Quid
959 1818 1063 1841 nunc
1103 1797 1315 1843 ‘honeste'
1355 1805 1480 1844 dicit?

314 1873 472 1909 idemne
512 1870 617 1915 quod
658 1862 910 1907 ‘iucunde’?
982 1871 1087 1916 Ergo
1125 1875 1203 1908 ita:
1247 1885 1326 1909 non
1365 1886 1477 1919 posse

356 1964 371 1980 ⁸
384 1960 478 1990 Here
496 1969 537 1989 as
554 1958 744 1988 elsewhere
761 1969 806 1988 no
823 1959 1035 1990 translation
1049 1969 1115 1990 ean
1129 1970 1263 2001 convey
1276 1961 1334 1991 the
1351 1961 1477 1992 double

322 2003 484 2041 meaning
508 2001 548 2031 of
566 2002 624 2031 the
650 2001 747 2031 word
772 2000 965 2038 honestum,
986 2005 993 2018 ‘
1009 2003 1253 2042 honourable,'
1270 2004 1354 2034 used
1373 2014 1414 2034 as
1430 2015 1475 2038 an

317 2046 515 2086 equivalent
533 2043 573 2074 of
584 2044 621 2074 τὸ
633 2044 741 2078 καλόν,
761 2045 841 2074 ‘the
859 2046 1009 2086 morally
1027 2045 1197 2077 beautiful
1214 2056 1254 2079 or
1269 2047 1389 2086 good.'

423 2094 498 2133 136
