1574 2364
220 814 268 847 28

216 1510 265 1548 29

605 159 802 198 CICERO
834 160 909 197 DE
939 160 1159 198 FINIBUS

297 255 393 278 sum.
466 240 645 277 Duorum
683 245 817 277 autem
857 253 878 277 e
917 241 1058 286 quibus
1092 240 1233 277 effecta
1267 242 1465 279 conclusio

298 310 359 340 est
379 309 516 340 contra
537 306 714 349 superius
734 303 810 340 dici
833 303 935 340 solet
961 317 1039 339 non
1061 317 1177 340 omne
1205 305 1352 341 bonum
1379 318 1464 342 esse

298 367 517 410 laudabile3
557 380 649 402 nam
681 366 787 411 quod
826 366 1023 403 laudabile
1047 369 1105 419 ⁴sii:
1137 367 1348 403 honestum
1379 381 1464 405 esse

299 429 540 466 conceditur.
604 429 707 465 Illud
732 434 865 466 autem
895 429 1191 474 perabsurdum,
1213 430 1360 466 bonum
1381 444 1465 468 esse

299 492 448 538 aliquid
478 493 583 538 quod
613 506 693 528 non
723 492 993 537 expetendum
1021 495 1085 537 sit,
1105 497 1174 528 aut
1194 493 1465 538 expetendum

300 556 405 601 quod
425 569 505 592 non
526 556 699 601 placens,
716 560 786 592 aut
806 558 836 592 si
866 555 920 600 id,
941 569 1021 591 non
1046 558 1166 592 etiam
1192 556 1440 601 diligendum
1457 569 1466 601 ;

300 633 394 664 ergo
425 624 468 656 et
496 619 768 665 probandum3
799 621 854 655 ita
875 621 994 655 etiam
1015 618 1238 662 laudabile;
1268 619 1307 655 id
1331 625 1465 656 autem

300 683 522 719 honestum.
585 682 647 719 Ita
686 682 729 719 fit
767 687 813 718 ut
855 681 960 727 quod
1000 682 1147 718 bonum
1185 685 1236 718 sit
1271 682 1311 719 id
1346 686 1465 719 etiam

300 746 511 783 honestum
532 748 593 782 sit.

355 801 552 846 “Deinde
585 822 729 854 quaero
761 811 847 853 quis
879 813 947 844 aut
979 808 1028 844 de
1060 810 1202 844 misera
1233 811 1314 845 vita
1344 812 1467 854 possit

299 873 456 918 gloriari
488 877 557 908 aut
589 872 638 908 de
671 885 750 907 non
785 872 911 908 beata.
975 871 1035 907 De
1071 871 1152 907 sola
1184 873 1305 915 igitur
1336 873 1463 910 beata.

300 937 359 972 Ex
390 950 466 981 quo
499 937 664 972 eflicitur
696 935 929 980 gloriatione
952 932 1017 983 (ut
1048 937 1103 970 ita
1134 932 1463 981 dica1n)digna'm

300 1013 384 1036 esse
420 1000 575 1035 beatam
607 1002 740 1041 vitam,
763 998 867 1043 quod
902 1010 982 1033 non
1015 1000 1137 1042 possit
1168 1000 1242 1033 nisi
1274 997 1464 1035 honestae

299 1066 402 1099 vitae
424 1065 507 1098 iure
529 1064 772 1105 contingere.
835 1060 896 1096 Ita
923 1060 966 1096 fit
987 1065 1031 1096 ut
1055 1059 1223 1096 honesta
1243 1063 1322 1096 vita
1349 1061 1465 1097 beata

299 1130 379 1162 vita
399 1129 459 1162 sit.
521 1125 573 1161 Et
594 1127 778 1170 quoniam
801 1126 832 1160 is
853 1126 915 1159 cui
936 1125 1134 1167 contingit
1154 1128 1198 1159 ut
1219 1125 1301 1159 iure
1328 1124 1463 1160 laude-

298 1194 363 1226 tur
389 1189 512 1226 habet
541 1191 695 1233 insigne
717 1186 905 1232 quiddam
926 1186 975 1222 ad
1002 1186 1122 1222 decus
1143 1191 1185 1222 et,
1211 1186 1260 1222 ad
1285 1186 1463 1232 gloriam,

298 1258 342 1289 ut
363 1253 412 1288 ob
434 1266 479 1289 ea
495 1265 595 1297 quae
616 1256 727 1288 tanta
749 1253 827 1286 sint
849 1250 986 1285 beatus
1007 1249 1084 1285 dici
1104 1251 1187 1285 iure
1209 1252 1342 1294 possit,
1357 1250 1462 1286 idem

297 1316 347 1352 de
368 1319 448 1352 vita
468 1315 557 1351 talis
578 1317 647 1350 viri
669 1316 887 1349 rectissime
905 1312 1070 1348 dicetur.
1114 1312 1175 1348 Ita
1195 1314 1226 1348 si
1248 1313 1363 1348 beata
1384 1316 1463 1349 vita

297 1379 507 1416 honestate
547 1380 736 1421 cernitur,
768 1375 872 1421 quod
905 1375 1117 1412 honestum
1149 1380 1210 1412 est
1243 1375 1283 1411 id
1316 1376 1462 1412 bonum

296 1444 421 1480 solum
442 1441 670 1478 habendum
691 1444 761 1476 est.

352 1498 375 1514 “
391 1506 497 1551 Quid
528 1505 644 1541 vero?
678 1505 868 1547 negarine
904 1495 1010 1537 ullo1
1041 1501 1158 1538 modo
1192 1504 1315 1546 possit
1346 1515 1459 1538 num-

296 1563 440 1615 quam2
461 1580 700 1614 quemquam
721 1566 851 1603 stabili
880 1570 922 1602 et
954 1565 1062 1601 firmo
1084 1570 1126 1602 et
1152 1578 1295 1609 magno
1315 1568 1458 1609 animo,

300 1647 418 1679 quem
445 1632 589 1668 fortem
609 1633 735 1666 virum
756 1629 934 1673 dicimus,
955 1629 1051 1664 effici
1073 1641 1200 1673 posse,
1220 1630 1294 1664 nisi
1315 1630 1458 1664 consti-

294 1702 425 1734 tutum
453 1698 504 1732 sit
529 1708 609 1731 non
630 1706 714 1730 esse
735 1692 881 1729 malum
909 1691 1113 1728 dolorem?
1173 1692 1230 1728 Ut
1258 1694 1364 1728 enim
1391 1694 1456 1736 qui

293 1765 461 1797 mortem
482 1761 522 1794 in
542 1757 654 1793 malis
675 1758 787 1801 ponit
813 1768 892 1791 non
919 1759 1052 1800 potest
1076 1768 1163 1791 eam
1193 1767 1272 1790 non
1299 1757 1456 1798 timere,

292 1827 346 1861 sic
362 1835 479 1859 nemo
495 1820 575 1857 ulla
594 1823 634 1856 in
655 1833 696 1855 re
717 1823 850 1863 potest
870 1818 911 1854 id
931 1817 1034 1862 quod
1056 1817 1202 1853 malum
1219 1829 1303 1853 esse
1319 1816 1454 1853 decre-

291 1889 393 1924 verit
416 1898 496 1921 non
520 1895 654 1919 curare
679 1882 798 1926 idque
823 1885 1090 1916 contemnere.
1151 1879 1240 1924 Quo
1264 1882 1392 1925 posito
1412 1884 1454 1915 et

290 1952 467 1987 omnium
487 1959 646 1983 assensu
666 1945 895 1990 approbato,
912 1942 1010 1979 illud
1030 1945 1252 1987 assumitur,
1274 1955 1365 1979 eum
1385 1945 1452 1988 qui

378 2013 384 2030 ¹
399 2011 564 2052 negarine
582 2009 650 2040 ullo
668 2008 794 2043 Davis,
815 2006 929 2043 Μόνη
974 2006 1100 2046 negari
1114 2006 1209 2036 nullo
1227 2005 1327 2037 MSS.

374 2054 592 2094 2φιιινηᾳιιαηι
608 2051 763 2082 inserted
781 2050 826 2090 by
846 2049 939 2081 Mdv.

395 2104 473 2142 246
