1574 2364
244 222 295 261 90

250 1800 293 1836 91

633 137 831 177 CICERO
863 139 936 175 DE
968 139 1187 176 FINIBUS

381 219 505 255 XXX.
530 210 553 225 “
564 218 643 256 Sed
660 222 776 256 venio
793 218 843 255 ad
859 221 1149 256 inconstantiae
1166 221 1329 263 crimen,
1345 231 1395 255 ne
1412 230 1494 255 sae-

326 304 412 347 pius
433 302 539 339 dicas
560 315 623 339 me
644 303 845 346 aberrare;
876 315 995 348 quam
1014 307 1057 339 tu
1078 304 1192 349 ponis
1207 304 1249 339 in
1263 301 1407 347 verbis,
1423 314 1497 346 ego

326 388 493 431 positam
511 388 550 422 in
567 398 609 422 re
627 386 824 432 putabam.
853 385 894 423 Si
907 388 1002 423 satis
1016 388 1092 422 erit
1105 385 1180 423 hoe
1192 390 1439 432 perceptum,
1457 387 1495 421 in

327 482 404 515 quo
425 469 625 506 adiutores
647 469 799 507 Stoicos
824 472 994 514 optimos
1019 468 1223 514 habemus,
1244 473 1399 505 tantam
1420 469 1496 504 vim

327 566 411 590 esse
433 555 589 590 virtutis
611 558 655 590 ut
675 555 807 590 omnia
827 556 858 590 si
880 566 927 590 ex
950 553 1074 590 altera
1096 557 1206 598 parte
1228 556 1427 597 ponantur
1446 563 1498 588 ne

329 642 547 683 appareant
580 637 756 683 quidem,
787 651 877 674 cum
911 640 1043 674 onmia
1074 650 1174 682 quae
1205 636 1261 672 illi
1293 635 1497 673 commoda

330 726 438 758 certe
466 721 606 757 dicunt
633 733 718 758 esse
746 725 788 758 et
815 720 1007 758 sumenda
1035 725 1076 757 et
1103 719 1289 765 eligenda
1317 724 1358 756 et
1387 732 1498 765 prae-

331 807 458 849 posita
478 796 596 851 (quae
617 807 672 841 ita
693 804 890 841 definiunt
911 809 955 841 ut
975 806 1069 841 satis
1091 816 1234 848 magno
1255 802 1499 840 aestimanda

331 880 441 933 sint),
468 888 565 925 haec
592 881 714 933 igitu'r
741 901 831 924 cum
860 901 934 933 ego
962 891 1023 924 tot
1051 887 1276 924 nominibus
1304 899 1326 923 a
1357 886 1498 924 Stoicis

331 971 541 1018 appellata,
563 974 707 1017 partim
727 973 837 1008 novis
858 975 900 1008 et
920 972 1206 1008 commenticiis
1227 974 1272 1006 ut
1291 972 1366 1006 ista
1385 958 1398 977 ‘
1411 981 1497 1014 pro—

331 1055 450 1092 ducta
465 1055 472 1067 '
514 1060 556 1092 et
596 1045 809 1099 ‘reducta,’
854 1057 997 1100 partim
1037 1054 1144 1091 idem
1185 1053 1497 1099 significantibus

331 1130 443 1184 (quid
465 1141 571 1175 enim
593 1140 773 1182 interest,
791 1142 954 1183 expetas
974 1150 1024 1173 an
1046 1136 1194 1181 eligas?
1223 1136 1320 1172 mihi
1337 1135 1497 1182 quidem

332 1225 452 1259 etiam
475 1222 621 1258 lautius
648 1222 805 1258 videtur
832 1220 937 1266 quod
965 1221 1126 1266 eligitur
1152 1224 1194 1257 et
1220 1220 1270 1257 ad
1297 1219 1402 1265 quod
1429 1218 1498 1257 de—

331 1306 457 1344 lectus
491 1297 734 1349 adhibetur),
771 1305 854 1350 sed,
889 1318 979 1341 cum
1015 1317 1089 1349 ego
1123 1306 1199 1341 ista
1232 1306 1363 1340 omnia
1397 1303 1498 1340 bona

332 1389 480 1434 dixero,
501 1393 659 1425 tantum
680 1388 805 1425 refert
825 1401 942 1433 quam
964 1401 1107 1433 magna
1134 1387 1283 1430 dicam;
1315 1400 1403 1424 curn
1431 1400 1497 1424 ex-

331 1472 518 1518 petenda,
550 1485 667 1517 quam
702 1471 827 1507 valde.
889 1471 958 1508 Sin
992 1475 1128 1508 autem
1162 1484 1237 1508 nec
1272 1471 1498 1516 expetenda

331 1569 405 1601 ego
435 1558 560 1600 magis
589 1569 706 1601 quam
732 1560 777 1591 tu
805 1554 1003 1600 eligenda,
1031 1568 1106 1592 nec
1132 1554 1200 1591 illa
1226 1554 1348 1600 pluris
1377 1557 1494 1591 aesti-

331 1636 474 1672 manda
495 1649 569 1680 ego
591 1638 657 1680 qui
678 1636 792 1680 bona,
809 1647 926 1680 quam
947 1639 990 1671 tu
1012 1637 1078 1680 qui
1100 1634 1292 1680 producta
1307 1634 1494 1680 appellas,

330 1718 460 1752 omnia
481 1717 555 1751 ista
576 1727 738 1751 necesse
761 1719 821 1751 est
842 1715 1041 1750 obscurari
1068 1727 1143 1751 nec
1170 1726 1359 1760 apparere
1388 1718 1430 1750 et
1455 1715 1496 1751 in

331 1797 486 1831 virtutis
507 1799 709 1839 tamquam
730 1796 769 1829 in
791 1793 881 1830 solis
903 1793 1030 1830 radios
1051 1796 1261 1830 incurrere.
1314 1793 1369 1829 At
1390 1795 1495 1829 enim

330 1887 407 1920 qua
426 1877 468 1910 in
488 1876 568 1909 vita
589 1877 649 1909 est
669 1873 818 1918 aliquid
835 1873 939 1918 mali,
957 1886 1003 1909 ea
1018 1874 1134 1909 beata
1151 1885 1237 1910 esse
1253 1885 1333 1909 non
1350 1876 1498 1918 potest.

329 1954 392 1992 Ne
410 1966 525 1999 seges
546 1952 707 1998 quidem
734 1954 856 1997 igitur
882 1954 999 1998 spicis
1027 1952 1214 1989 uberibus
1237 1957 1278 1988 et
1298 1951 1444 1988 crebris
1463 1953 1494 1988 si

329 2046 493 2070 avenam
514 2034 666 2077 uspiam
686 2030 844 2075 videris,
867 2043 942 2068 nec
963 2035 1186 2068 mercatura
1207 2034 1440 2077 quaestuosa
1462 2031 1493 2067 si

438 2090 514 2128 494
