1574 2364
155 405 205 443 64

158 1503 206 1541 65

533 159 728 197 CICERO
760 159 833 196 DE
863 159 1081 198 FINIBUS

233 254 348 277 causa
380 240 576 286 quaedam
609 239 771 275 faciunt.
832 239 963 276 Multo
996 233 1118 277 haee1
1151 243 1400 279 coniunctius

234 288 444 332 homines.²
503 295 642 339 Itaque
663 299 804 330 natura
824 307 957 331 sumus
976 298 1058 341 apti
1074 295 1124 332 ad
1141 301 1292 342 coetus,
1310 310 1402 333 con-

236 351 336 394 cilia,
358 353 548 386 civitates.

292 396 520 441 “Mundum
557 409 690 440 autem
726 409 893 440 censent
924 407 1008 449 regi
1039 408 1202 442 numine
1235 405 1399 443 deorum

237 473 407 505 eumque
434 472 519 496 esse
547 461 657 504 quasi
684 472 936 495 communem
962 459 1101 496 urbem
1129 465 1171 497 et
1196 464 1399 498 civitatem

238 515 443 551 hominum
459 519 499 550 et
517 514 694 559 deorum,
711 519 753 550 et
772 526 1098 559 unumquemque
1117 520 1296 552 nostrum
1318 519 1401 553 eius

237 570 375 606 mundi
397 582 482 605 esse
503 573 677 614 partem3
707 581 755 605 ex
776 581 853 614 quo
874 569 971 605 illud
992 574 1133 606 natura
1153 574 1339 616 consequi
1356 576 1400 607 ut

238 637 487 661 communem
527 623 742 660 utilitatem
780 628 938 660 nostrae
984 629 1282 670 anteponamus.
1344 626 1401 663 Ut

239 683 344 716 enini
366 679 475 724 leges
496 682 673 715 omnium
693 678 863 714 salutem
886 679 1130 724 singulorum
1151 680 1267 716 saluti
1287 685 1400 717 ante-

238 739 405 780 ponunt,
427 737 481 770 sic
501 736 559 770 vir
578 734 703 769 bonus
724 738 766 769 et
786 736 941 778 sapiens
962 738 1004 770 et
1022 733 1177 779 legibus
1198 748 1339 780 parens
1360 740 1402 772 et

239 789 362 825 civilis
382 789 480 825 offici
501 802 581 824 non
602 791 761 833 ignarus
788 788 952 825 utilitati
979 792 1154 825 omnium
1175 789 1262 835 plus
1283 803 1400 835 quam

239 847 355 880 unius
375 844 537 879 alicuius
553 848 622 879 aut
638 856 730 879 suae
747 843 926 879 consulit.
979 844 1064 880 Nec
1080 847 1205 889 magis
1222 849 1283 881 est
1299 847 1400 881 vitu-

240 898 437 945 perandus
458 898 635 943 proditor
654 900 805 943 patriae
827 911 944 943 quam
971 902 1189 935 communis
1216 899 1400 937 utilitatis

238 959 307 990 aut
345 953 481 990 salutis
517 953 696 989 desertor
733 958 895 998 propter
931 966 1040 989 suam
1078 953 1294 990 utilitatem
1332 960 1401 992 aut

239 1009 417 1045 salutem.
478 1008 537 1044 Ex
558 1020 635 1053 quo
655 1007 699 1043 fit
719 1012 763 1044 ut
782 1007 1002 1044 laudandus
1021 1010 1052 1044 is
1073 1011 1124 1044 sit
1143 1011 1210 1054 qui
1229 1014 1399 1046 mortem

239 1067 404 1109 oppetat
424 1075 494 1108 pro
514 1075 556 1098 re
580 1062 750 1107 publica,
771 1062 876 1107 quod
903 1062 1045 1099 deceat
1071 1065 1259 1100 cariorem
1286 1065 1398 1101 nobis

240 1132 324 1155 esse
345 1120 512 1164 patriam
532 1130 650 1162 quam
673 1122 830 1154 nosmet
855 1120 968 1163 ipsos.
1029 1116 1306 1164 Quoniamque
1332 1119 1399 1155 illa

240 1187 312 1210 vox
333 1173 547 1209 inhumana
568 1177 610 1208 et
629 1172 819 1208 scelerata
840 1172 997 1209 ducitur
1017 1184 1152 1209 eorum
1168 1176 1234 1218 qui
1250 1178 1401 1218 negant

240 1242 281 1265 se
297 1241 475 1264 recusare
492 1240 569 1272 quo
585 1230 714 1263 minus
729 1230 822 1273 ipsis
838 1231 1002 1263 mortuis
1016 1232 1210 1264 terrarum
1225 1231 1400 1265 omnium

240 1283 469 1328 deflagratio
490 1287 754 1327 consequatur
774 1274 896 1327 (quod
918 1282 1067 1327 vulgari
1093 1282 1263 1328 quodam
1288 1296 1401 1320 versu

241 1339 393 1375 Graeco
413 1339 659 1383 pronuntiari
681 1330 813 1382 solet),
834 1342 943 1373 certe
964 1350 1100 1373 verum
1125 1342 1186 1374 est
1210 1340 1331 1374 etiam
1356 1341 1401 1374 iis

240 1396 306 1439 qui
339 1392 551 1437 aliquando
585 1392 707 1428 futuri
742 1394 822 1428 sint
857 1404 941 1428 esse
976 1397 1138 1438 propter
1171 1395 1274 1438 ipsos
1309 1406 1401 1429 con-

239 1447 460 1485 sulendum.

293 1502 379 1539 XX.
412 1493 437 1509 “
450 1501 510 1538 Ex
549 1500 622 1537 hac
659 1504 879 1537 animorum
916 1501 1124 1538 affectione
1162 1505 1403 1538 testamenta

239 1557 682 1601 commendationesque
702 1559 956 1592 morientium
977 1561 1093 1592 natae
1114 1561 1216 1593 sunt.
1268 1555 1403 1601 Quod-

238 1626 315 1658 que
334 1625 451 1649 nemo
471 1614 512 1647 in
532 1624 684 1648 summa
704 1611 917 1647 solitudine
942 1613 1063 1648 vitam
1086 1624 1204 1656 agere
1228 1611 1325 1647 velit
1352 1624 1402 1647 ne

238 1681 327 1704 cum
356 1666 510 1703 infinita
538 1666 699 1711 quidem
728 1666 976 1711 voluptatum
1004 1666 1260 1710 abundantia,
1289 1665 1404 1702 facile

238 1722 488 1767 intellegitur
513 1733 584 1757 nos
612 1720 662 1757 ad
689 1723 1009 1757 coniunctionem
1036 1723 1404 1766 congregationem·

239 1790 315 1822 que
342 1776 547 1813 hominum
574 1780 616 1812 et
641 1775 691 1812 ad
718 1776 938 1812 naturalem
965 1778 1293 1812 communitatem
1319 1787 1405 1813 esse

280 1855 413 1886 1ῘΡΙιιῖίο
429 1855 515 1885 haec
528 1854 570 1890 Α,
585 1855 624 1891 Β,
640 1855 686 1891 E;
712 1855 825 1885 Multo
842 1856 956 1894 magis
972 1855 1057 1885 haec
1071 1854 1129 1885 inf.
1152 1853 1251 1884 MSS.

283 1899 296 1918 ²
306 1899 528 1930 conz'unclizcs
544 1897 701 1928 homines
719 1898 830 1934 Mdv.;
855 1899 1052 1928 coniunctio
1068 1901 1119 1929 est
1133 1897 1209 1928 hom
1216 1898 1250 1927 in
1258 1897 1288 1927 is
1301 1896 1391 1927 MSS

282 2013 298 2030 ὃ
309 2008 383 2044 ἐμοῦ
397 2006 543 2037 θανόντος
558 2006 635 2043 ’γαΐα
650 2005 797 2043 μιχθήτω
811 2005 894 2044 πυρὶ;
914 2005 992 2036 said
1009 2008 1045 2036 to
1061 2005 1151 2037 have
1168 2003 1255 2036 been
1272 2004 1403 2046 quoted

242 2051 288 2092 by
306 2050 469 2080 Tiberius
486 2048 558 2079 and
576 2047 680 2078 Nero.

348 2104 425 2137 284·
