<?xml version="1.0" encoding="UTF-8"?>
<!DOCTYPE html PUBLIC "-//W3C//DTD XHTML 1.0 Transitional//EN"
    "http://www.w3.org/TR/xhtml1/DTD/xhtml1-transitional.dtd">
<html xmlns="http://www.w3.org/1999/xhtml" xml:lang="en" lang="en">
 <head>
  <title>
</title>
<meta http-equiv="Content-Type" content="text/html;charset=utf-8" />
  <meta name='ocr-system' content='tesseract 3.04.00' />
  <meta name='ocr-capabilities' content='ocr_page ocr_carea ocr_par ocr_line ocrx_word'/>
</head>
<body>
  <div class='ocr_page' id='page_1' title='image "./definibusbonorum00cice_0312.png"; bbox 0 0 1574 2364; ppageno 0'>
   <div class='ocr_carea' id='block_1_1' title="bbox 529 101 1079 140">
    <p class='ocr_par' dir='ltr' id='par_1_1' title="bbox 529 101 1079 140">
     <span class='ocr_line' id='line_1_1' title="bbox 529 101 1079 140; baseline 0.004 -2"><span class='ocrx_word' id='word_1_1' title='bbox 529 101 724 139; x_wconf 90' lang='lat' dir='ltr'>CICERO</span> <span class='ocrx_word' id='word_1_2' title='bbox 755 101 829 139; x_wconf 91' lang='lat' dir='ltr'><strong>DE</strong></span> <span class='ocrx_word' id='word_1_3' title='bbox 860 101 1079 140; x_wconf 88' lang='lat' dir='ltr'>FINIBUS</span> 
     </span>
    </p>
   </div>
   <div class='ocr_carea' id='block_1_2' title="bbox 152 182 1402 629">
    <p class='ocr_par' dir='ltr' id='par_1_2' title="bbox 152 182 1402 629">
     <span class='ocr_line' id='line_1_2' title="bbox 228 182 1397 227; baseline 0 -7"><span class='ocrx_word' id='word_1_4' title='bbox 228 183 422 220; x_wconf 83' lang='lat' dir='ltr'><strong>excedere</strong></span> <span class='ocrx_word' id='word_1_5' title='bbox 450 196 472 220; x_wconf 88' lang='lat' dir='ltr'><strong>e</strong></span> <span class='ocrx_word' id='word_1_6' title='bbox 498 185 579 219; x_wconf 89' lang='lat' dir='ltr'><strong>vita</strong></span> <span class='ocrx_word' id='word_1_7' title='bbox 609 195 699 219; x_wconf 91' lang='lat' dir='ltr'><strong>cum</strong></span> <span class='ocrx_word' id='word_1_8' title='bbox 726 183 866 219; x_wconf 87' lang='lat' dir='ltr'><strong>beatus</strong></span> <span class='ocrx_word' id='word_1_9' title='bbox 893 183 957 227; x_wconf 88' lang='lat' dir='ltr'><strong>sit,</strong></span> <span class='ocrx_word' id='word_1_10' title='bbox 980 187 1021 219; x_wconf 91' lang='lat' dir='ltr'><strong>et</strong></span> <span class='ocrx_word' id='word_1_11' title='bbox 1041 182 1153 219; x_wconf 87' lang='lat' dir='ltr'><strong>stulti</strong></span> <span class='ocrx_word' id='word_1_12' title='bbox 1174 196 1336 221; x_wconf 86' lang='lat' dir='ltr'><strong>manere</strong></span> <span class='ocrx_word' id='word_1_13' title='bbox 1356 186 1397 220; x_wconf 88' lang='lat' dir='ltr'><strong>in</strong></span> 
     </span>
     <span class='ocr_line' id='line_1_3' title="bbox 152 248 1398 295; baseline 0 -8"><span class='ocrx_word' id='word_1_14' title='bbox 152 249 194 287; x_wconf 88' lang='grc'><strong>61</strong></span> <span class='ocrx_word' id='word_1_15' title='bbox 232 253 312 287; x_wconf 85' lang='lat' dir='ltr'><strong>vita</strong></span> <span class='ocrx_word' id='word_1_16' title='bbox 332 263 421 287; x_wconf 91' lang='lat' dir='ltr'><strong>cum</strong></span> <span class='ocrx_word' id='word_1_17' title='bbox 442 252 493 286; x_wconf 90' lang='lat' dir='ltr'><strong>sit</strong></span> <span class='ocrx_word' id='word_1_18' title='bbox 512 252 640 285; x_wconf 88' lang='lat' dir='ltr'><strong>miser.</strong></span> <span class='ocrx_word' id='word_1_19' title='bbox 674 248 777 285; x_wconf 82' lang='lat' dir='ltr'><strong>Nam</strong></span> <span class='ocrx_word' id='word_1_20' title='bbox 797 248 944 285; x_wconf 89' lang='lat' dir='ltr'><strong>bonum</strong></span> <span class='ocrx_word' id='word_1_21' title='bbox 960 248 1058 285; x_wconf 85' lang='lat' dir='ltr'><strong>illud</strong></span> <span class='ocrx_word' id='word_1_22' title='bbox 1074 254 1115 286; x_wconf 90' lang='lat' dir='ltr'><strong>et</strong></span> <span class='ocrx_word' id='word_1_23' title='bbox 1131 249 1278 286; x_wconf 86' lang='lat' dir='ltr'><strong>malum</strong></span> <span class='ocrx_word' id='word_1_24' title='bbox 1294 250 1398 295; x_wconf 89' lang='lat' dir='ltr'><strong>quod</strong></span> 
     </span>
     <span class='ocr_line' id='line_1_4' title="bbox 232 316 1398 363; baseline -0.001 -9"><span class='ocrx_word' id='word_1_25' title='bbox 232 330 349 363; x_wconf 87' lang='lat' dir='ltr'><strong>saepe</strong></span> <span class='ocrx_word' id='word_1_26' title='bbox 362 319 439 353; x_wconf 89' lang='lat' dir='ltr'><strong>iam</strong></span> <span class='ocrx_word' id='word_1_27' title='bbox 453 316 604 352; x_wconf 91' lang='lat' dir='ltr'><strong>dictum</strong></span> <span class='ocrx_word' id='word_1_28' title='bbox 618 320 679 352; x_wconf 85' lang='lat' dir='ltr'><strong>est</strong></span> <span class='ocrx_word' id='word_1_29' title='bbox 691 320 828 361; x_wconf 88' lang='lat' dir='ltr'><strong>postea</strong></span> <span class='ocrx_word' id='word_1_30' title='bbox 842 318 1095 361; x_wconf 83' lang='lat' dir='ltr'>consequitur</span> <span class='ocrx_word' id='word_1_31' title='bbox 1106 329 1115 361; x_wconf 84' lang='lat'>3</span> <span class='ocrx_word' id='word_1_32' title='bbox 1128 319 1253 362; x_wconf 87' lang='lat' dir='ltr'><strong>prima</strong></span> <span class='ocrx_word' id='word_1_33' title='bbox 1265 322 1398 353; x_wconf 82' lang='lat' dir='ltr'><strong>autem</strong></span> 
     </span>
     <span class='ocr_line' id='line_1_5' title="bbox 232 382 1399 421; baseline 0 -1"><span class='ocrx_word' id='word_1_34' title='bbox 232 384 299 421; x_wconf 86' lang='lat' dir='ltr'><strong>illa</strong></span> <span class='ocrx_word' id='word_1_35' title='bbox 318 389 484 421; x_wconf 80' lang='lat' dir='ltr'><strong>naturae</strong></span> <span class='ocrx_word' id='word_1_36' title='bbox 505 386 585 420; x_wconf 91' lang='lat' dir='ltr'><strong>sive</strong></span> <span class='ocrx_word' id='word_1_37' title='bbox 607 382 781 419; x_wconf 85' lang='lat' dir='ltr'><strong>secunda</strong></span> <span class='ocrx_word' id='word_1_38' title='bbox 801 385 882 419; x_wconf 82' lang='lat' dir='ltr'><strong>sive</strong></span> <span class='ocrx_word' id='word_1_39' title='bbox 903 385 1098 419; x_wconf 84' lang='lat' dir='ltr'><strong>contraria</strong></span> <span class='ocrx_word' id='word_1_40' title='bbox 1118 384 1191 420; x_wconf 88' lang='lat' dir='ltr'><strong>sub</strong></span> <span class='ocrx_word' id='word_1_41' title='bbox 1210 383 1399 420; x_wconf 89' lang='lat' dir='ltr'><strong>iudicium</strong></span> 
     </span>
     <span class='ocr_line' id='line_1_6' title="bbox 233 449 1401 497; baseline -0.001 -9"><span class='ocrx_word' id='word_1_42' title='bbox 233 453 422 497; x_wconf 87' lang='lat' dir='ltr'><strong>sapientis</strong></span> <span class='ocrx_word' id='word_1_43' title='bbox 455 455 497 487; x_wconf 89' lang='lat' dir='ltr'><strong>et</strong></span> <span class='ocrx_word' id='word_1_44' title='bbox 528 450 721 486; x_wconf 90' lang='lat' dir='ltr'><strong>dilectum</strong></span> <span class='ocrx_word' id='word_1_45' title='bbox 756 449 918 495; x_wconf 87' lang='lat' dir='ltr'><strong>cadunt,</strong></span> <span class='ocrx_word' id='word_1_46' title='bbox 951 454 1091 496; x_wconf 89' lang='lat' dir='ltr'><strong>estque</strong></span> <span class='ocrx_word' id='word_1_47' title='bbox 1122 449 1190 486; x_wconf 79' lang='lat' dir='ltr'><strong>illa</strong></span> <span class='ocrx_word' id='word_1_48' title='bbox 1223 451 1401 487; x_wconf 86' lang='lat' dir='ltr'><strong>subiecta</strong></span> 
     </span>
     <span class='ocr_line' id='line_1_7' title="bbox 233 514 1402 564; baseline 0 -10"><span class='ocrx_word' id='word_1_49' title='bbox 233 521 343 564; x_wconf 86' lang='lat' dir='ltr'>quasi</span> <span class='ocrx_word' id='word_1_50' title='bbox 363 520 528 554; x_wconf 88' lang='lat' dir='ltr'><strong>materia</strong></span> <span class='ocrx_word' id='word_1_51' title='bbox 548 519 776 562; x_wconf 84' lang='lat' dir='ltr'><strong>sapientiae.</strong></span> <span class='ocrx_word' id='word_1_52' title='bbox 830 514 970 562; x_wconf 80' lang='lat' dir='ltr'><strong>Itaque</strong></span> <span class='ocrx_word' id='word_1_53' title='bbox 991 522 1033 553; x_wconf 90' lang='lat' dir='ltr'><strong>et</strong></span> <span class='ocrx_word' id='word_1_54' title='bbox 1052 517 1239 553; x_wconf 89' lang='lat' dir='ltr'><strong>manendi</strong></span> <span class='ocrx_word' id='word_1_55' title='bbox 1260 520 1301 553; x_wconf 92' lang='lat' dir='ltr'><strong>in</strong></span> <span class='ocrx_word' id='word_1_56' title='bbox 1321 520 1402 554; x_wconf 86' lang='lat' dir='ltr'><strong>vita</strong></span> 
     </span>
     <span class='ocr_line' id='line_1_8' title="bbox 234 583 1401 629; baseline 0 -8"><span class='ocrx_word' id='word_1_57' title='bbox 234 590 276 622; x_wconf 89' lang='lat' dir='ltr'><strong>et</strong></span> <span class='ocrx_word' id='word_1_58' title='bbox 306 583 502 629; x_wconf 86' lang='lat' dir='ltr'><strong>migrandi</strong></span> <span class='ocrx_word' id='word_1_59' title='bbox 534 586 633 620; x_wconf 87' lang='lat' dir='ltr'><strong>ratio</strong></span> <span class='ocrx_word' id='word_1_60' title='bbox 665 586 790 619; x_wconf 89' lang='lat' dir='ltr'><strong>omnis</strong></span> <span class='ocrx_word' id='word_1_61' title='bbox 822 586 868 619; x_wconf 89' lang='lat' dir='ltr'><strong>iis</strong></span> <span class='ocrx_word' id='word_1_62' title='bbox 899 583 1016 620; x_wconf 92' lang='lat' dir='ltr'><strong>rebus</strong></span> <span class='ocrx_word' id='word_1_63' title='bbox 1047 596 1142 629; x_wconf 87' lang='lat' dir='ltr'><strong>quas</strong></span> <span class='ocrx_word' id='word_1_64' title='bbox 1173 597 1289 629; x_wconf 87' lang='lat' dir='ltr'><strong>supra</strong></span> <span class='ocrx_word' id='word_1_65' title='bbox 1319 583 1401 621; x_wconf 84' lang='lat' dir='ltr'>dixi</span> 
     </span>
    </p>
   </div>
   <div class='ocr_carea' id='block_1_3' title="bbox 234 641 843 695">
    <p class='ocr_par' dir='ltr' id='par_1_3' title="bbox 234 641 843 695">
     <span class='ocr_line' id='line_1_9' title="bbox 234 641 843 695; baseline -0.003 -7"><span class='ocrx_word' id='word_1_66' title='bbox 234 651 447 688; x_wconf 86' lang='lat' dir='ltr'><strong>metienda.</strong></span> <span class='ocrx_word' id='word_1_67' title='bbox 499 650 602 686; x_wconf 89' lang='lat' dir='ltr'><strong>Nam</strong></span> <span class='ocrx_word' id='word_1_68' title='bbox 622 663 752 695; x_wconf 87' lang='lat' dir='ltr'><strong>neque</strong></span> <span class='ocrx_word' id='word_1_69' title='bbox 767 679 774 687; x_wconf 84' lang='lat'><strong>.</strong></span> <span class='ocrx_word' id='word_1_70' title='bbox 792 679 799 686; x_wconf 89' lang='lat'><strong>.</strong></span> <span class='ocrx_word' id='word_1_71' title='bbox 816 641 843 686; x_wconf 81' lang='lat'><strong>‚¹</strong></span> 
     </span>
    </p>
   </div>
   <div class='ocr_carea' id='block_1_4' title="bbox 235 652 1403 964">
    <p class='ocr_par' dir='ltr' id='par_1_4' title="bbox 235 652 1403 964">
     <span class='ocr_line' id='line_1_10' title="bbox 862 652 1399 696; baseline 0.004 -11"><span class='ocrx_word' id='word_1_72' title='bbox 862 652 1009 687; x_wconf 84' lang='lat' dir='ltr'><strong>virtute</strong></span> <span class='ocrx_word' id='word_1_73' title='bbox 1030 653 1227 687; x_wconf 76' lang='lat' dir='ltr'><strong>retinetur</strong></span> <span class='ocrx_word' id='word_1_74' title='bbox 1246 653 1286 686; x_wconf 93' lang='lat' dir='ltr'><strong>in</strong></span> <span class='ocrx_word' id='word_1_75' title='bbox 1306 653 1399 696; x_wconf 88' lang='lat' dir='ltr'><strong>vita,</strong></span> 
     </span>
     <span class='ocr_line' id='line_1_11' title="bbox 235 717 1401 763; baseline -0.001 -8"><span class='ocrx_word' id='word_1_76' title='bbox 235 732 309 755; x_wconf 88' lang='lat' dir='ltr'><strong>nec</strong></span> <span class='ocrx_word' id='word_1_77' title='bbox 330 721 375 755; x_wconf 87' lang='lat' dir='ltr'><strong>iis</strong></span> <span class='ocrx_word' id='word_1_78' title='bbox 396 720 462 763; x_wconf 93' lang='lat' dir='ltr'><strong>qui</strong></span> <span class='ocrx_word' id='word_1_79' title='bbox 483 720 567 754; x_wconf 86' lang='lat' dir='ltr'><strong>sine</strong></span> <span class='ocrx_word' id='word_1_80' title='bbox 588 720 736 754; x_wconf 86' lang='lat' dir='ltr'><strong>virtute</strong></span> <span class='ocrx_word' id='word_1_81' title='bbox 758 722 851 753; x_wconf 89' lang='lat' dir='ltr'><strong>sunt</strong></span> <span class='ocrx_word' id='word_1_82' title='bbox 871 729 974 753; x_wconf 89' lang='lat' dir='ltr'><strong>mors</strong></span> <span class='ocrx_word' id='word_1_83' title='bbox 995 722 1056 754; x_wconf 87' lang='lat' dir='ltr'><strong>est</strong></span> <span class='ocrx_word' id='word_1_84' title='bbox 1076 717 1314 763; x_wconf 83' lang='lat' dir='ltr'><strong>oppetenda.</strong></span> <span class='ocrx_word' id='word_1_85' title='bbox 1348 718 1401 754; x_wconf 90' lang='lat' dir='ltr'><strong>Et</strong></span> 
     </span>
     <span class='ocr_line' id='line_1_12' title="bbox 235 784 1402 831; baseline -0.002 -8"><span class='ocrx_word' id='word_1_86' title='bbox 235 799 352 831; x_wconf 81' lang='lat' dir='ltr'><strong>saepe</strong></span> <span class='ocrx_word' id='word_1_87' title='bbox 372 785 541 821; x_wconf 89' lang='lat' dir='ltr'><strong>officium</strong></span> <span class='ocrx_word' id='word_1_88' title='bbox 562 789 623 821; x_wconf 89' lang='lat' dir='ltr'><strong>est</strong></span> <span class='ocrx_word' id='word_1_89' title='bbox 643 787 832 829; x_wconf 89' lang='lat' dir='ltr'><strong>sapientis</strong></span> <span class='ocrx_word' id='word_1_90' title='bbox 853 784 1071 821; x_wconf 82' lang='lat' dir='ltr'><strong>desciscere</strong></span> <span class='ocrx_word' id='word_1_91' title='bbox 1091 797 1114 820; x_wconf 87' lang='lat' dir='ltr'><strong>a</strong></span> <span class='ocrx_word' id='word_1_92' title='bbox 1134 787 1215 821; x_wconf 86' lang='lat' dir='ltr'><strong>vita</strong></span> <span class='ocrx_word' id='word_1_93' title='bbox 1234 797 1324 821; x_wconf 90' lang='lat' dir='ltr'><strong>cum</strong></span> <span class='ocrx_word' id='word_1_94' title='bbox 1351 788 1402 822; x_wconf 85' lang='lat' dir='ltr'><strong>sit</strong></span> 
     </span>
     <span class='ocr_line' id='line_1_13' title="bbox 235 851 1401 897; baseline -0.001 -8"><span class='ocrx_word' id='word_1_95' title='bbox 235 854 496 897; x_wconf 83' lang='lat' dir='ltr'><strong>beatissimus,</strong></span> <span class='ocrx_word' id='word_1_96' title='bbox 518 854 549 887; x_wconf 88' lang='lat' dir='ltr'><strong>si</strong></span> <span class='ocrx_word' id='word_1_97' title='bbox 568 851 609 888; x_wconf 94' lang='lat' dir='ltr'><strong>id</strong></span> <span class='ocrx_word' id='word_1_98' title='bbox 630 856 852 896; x_wconf 86' lang='lat' dir='ltr'><strong>opportune</strong></span> <span class='ocrx_word' id='word_1_99' title='bbox 874 851 1005 887; x_wconf 87' lang='lat' dir='ltr'><strong>facere</strong></span> <span class='ocrx_word' id='word_1_100' title='bbox 1026 854 1158 896; x_wconf 90' lang='lat' dir='ltr'><strong>possit.</strong></span> <span class='ocrx_word' id='word_1_101' title='bbox 1211 851 1275 889; x_wconf 90' lang='lat' dir='ltr'><strong>Sic</strong></span> <span class='ocrx_word' id='word_1_102' title='bbox 1296 855 1401 888; x_wconf 90' lang='lat' dir='ltr'><strong>enim</strong></span> 
     </span>
     <span class='ocr_line' id='line_1_14' title="bbox 235 918 1403 964; baseline -0.001 -7"><span class='ocrx_word' id='word_1_103' title='bbox 235 924 415 964; x_wconf 86' lang='lat' dir='ltr'><strong>censent,</strong></span> <span class='ocrx_word' id='word_1_104' title='bbox 435 921 743 964; x_wconf 79' lang='lat' dir='ltr'><strong>opportunitatis</strong></span> <span class='ocrx_word' id='word_1_105' title='bbox 776 931 861 954; x_wconf 90' lang='lat' dir='ltr'><strong>esse</strong></span> <span class='ocrx_word' id='word_1_106' title='bbox 893 918 1010 954; x_wconf 89' lang='lat' dir='ltr'><strong>beate</strong></span> <span class='ocrx_word' id='word_1_107' title='bbox 1042 921 1173 955; x_wconf 83' lang='lat' dir='ltr'><strong>vivere</strong></span> <span class='ocrx_word' id='word_1_108' title='bbox 1205 919 1311 964; x_wconf 89' lang='lat' dir='ltr'><strong>quod</strong></span> <span class='ocrx_word' id='word_1_109' title='bbox 1343 924 1403 956; x_wconf 87' lang='lat' dir='ltr'><strong>est</strong></span> 
     </span>
    </p>
   </div>
   <div class='ocr_carea' id='block_1_5' title="bbox 236 977 918 1024">
    <p class='ocr_par' dir='ltr' id='par_1_5' title="bbox 236 977 918 1024">
     <span class='ocr_line' id='line_1_15' title="bbox 236 977 918 1024; baseline -0.006 0"><span class='ocrx_word' id='word_1_110' title='bbox 236 989 522 1024; x_wconf 66' lang='lat' dir='ltr'><strong>convenienter</strong></span> <span class='ocrx_word' id='word_1_111' title='bbox 556 990 650 1021; x_wconf 69' lang='lat' dir='ltr'><strong>natu</strong></span> <span class='ocrx_word' id='word_1_112' title='bbox 655 997 719 1021; x_wconf 78' lang='lat' dir='ltr'><strong>l&#39;ae</strong></span> <span class='ocrx_word' id='word_1_113' title='bbox 754 987 896 1021; x_wconf 74' lang='lat' dir='ltr'><strong>Vivere.</strong></span> <span class='ocrx_word' id='word_1_114' title='bbox 902 977 918 1000; x_wconf 75' lang='lat'>2</span> 
     </span>
    </p>
   </div>
   <div class='ocr_carea' id='block_1_6' title="bbox 119 984 1405 1814">
    <p class='ocr_par' dir='ltr' id='par_1_6' title="bbox 235 984 1405 1680">
     <span class='ocr_line' id='line_1_16' title="bbox 981 984 1405 1031; baseline 0.007 -11"><span class='ocrx_word' id='word_1_115' title='bbox 981 984 1121 1030; x_wconf 82' lang='lat' dir='ltr'><strong>Itaque</strong></span> <span class='ocrx_word' id='word_1_116' title='bbox 1155 999 1178 1021; x_wconf 88' lang='lat' dir='ltr'><strong>a</strong></span> <span class='ocrx_word' id='word_1_117' title='bbox 1211 988 1405 1031; x_wconf 86' lang='lat' dir='ltr'><strong>sapientia</strong></span> 
     </span>
     <span class='ocr_line' id='line_1_17' title="bbox 236 1052 1401 1100; baseline 0 -10"><span class='ocrx_word' id='word_1_118' title='bbox 236 1056 475 1100; x_wconf 86' lang='lat' dir='ltr'><strong>praecipitur</strong></span> <span class='ocrx_word' id='word_1_119' title='bbox 495 1065 536 1088; x_wconf 91' lang='lat' dir='ltr'><strong>se</strong></span> <span class='ocrx_word' id='word_1_120' title='bbox 556 1055 681 1097; x_wconf 82' lang='lat' dir='ltr'><strong>ipsam</strong></span> <span class='ocrx_word' id='word_1_121' title='bbox 701 1054 732 1087; x_wconf 86' lang='lat' dir='ltr'><strong>si</strong></span> <span class='ocrx_word' id='word_1_122' title='bbox 753 1064 844 1087; x_wconf 83' lang='lat' dir='ltr'><strong>usus</strong></span> <span class='ocrx_word' id='word_1_123' title='bbox 865 1054 916 1087; x_wconf 89' lang='lat' dir='ltr'><strong>sit</strong></span> <span class='ocrx_word' id='word_1_124' title='bbox 937 1054 1092 1097; x_wconf 86' lang='lat' dir='ltr'><strong>sapiens</strong></span> <span class='ocrx_word' id='word_1_125' title='bbox 1119 1057 1164 1088; x_wconf 88' lang='lat' dir='ltr'><strong>ut</strong></span> <span class='ocrx_word' id='word_1_126' title='bbox 1190 1052 1401 1098; x_wconf 84' lang='lat' dir='ltr'><strong>relinquat.</strong></span> 
     </span>
     <span class='ocr_line' id='line_1_18' title="bbox 236 1121 1402 1166; baseline -0.002 -8"><span class='ocrx_word' id='word_1_127' title='bbox 236 1121 504 1166; x_wconf 80' lang='lat' dir='ltr'><strong>Quamobrem</strong></span> <span class='ocrx_word' id='word_1_128' title='bbox 525 1132 615 1155; x_wconf 87' lang='lat' dir='ltr'><strong>cum</strong></span> <span class='ocrx_word' id='word_1_129' title='bbox 636 1121 818 1154; x_wconf 87' lang='lat' dir='ltr'><strong>vitiorum</strong></span> <span class='ocrx_word' id='word_1_130' title='bbox 839 1121 914 1154; x_wconf 89' lang='lat' dir='ltr'><strong>ista</strong></span> <span class='ocrx_word' id='word_1_131' title='bbox 934 1121 989 1154; x_wconf 94' lang='lat' dir='ltr'><strong>vis</strong></span> <span class='ocrx_word' id='word_1_132' title='bbox 1010 1131 1091 1154; x_wconf 91' lang='lat' dir='ltr'><strong>non</strong></span> <span class='ocrx_word' id='word_1_133' title='bbox 1111 1121 1162 1155; x_wconf 89' lang='lat' dir='ltr'><strong>sit</strong></span> <span class='ocrx_word' id='word_1_134' title='bbox 1182 1124 1226 1156; x_wconf 88' lang='lat' dir='ltr'><strong>ut</strong></span> <span class='ocrx_word' id='word_1_135' title='bbox 1246 1132 1402 1157; x_wconf 86' lang='lat' dir='ltr'><strong>causam</strong></span> 
     </span>
     <span class='ocr_line' id='line_1_19' title="bbox 236 1185 1400 1231; baseline -0.001 -7"><span class='ocrx_word' id='word_1_136' title='bbox 236 1188 402 1224; x_wconf 85' lang='lat' dir='ltr'><strong>afferant</strong></span> <span class='ocrx_word' id='word_1_137' title='bbox 439 1189 576 1222; x_wconf 85' lang='lat' dir='ltr'><strong>mortis</strong></span> <span class='ocrx_word' id='word_1_138' title='bbox 614 1185 871 1230; x_wconf 86' lang='lat' dir='ltr'><strong>voluntariae,</strong></span> <span class='ocrx_word' id='word_1_139' title='bbox 903 1188 1154 1231; x_wconf 89' lang='lat' dir='ltr'><strong>perspicuum</strong></span> <span class='ocrx_word' id='word_1_140' title='bbox 1189 1191 1250 1222; x_wconf 90' lang='lat' dir='ltr'><strong>est</strong></span> <span class='ocrx_word' id='word_1_141' title='bbox 1281 1190 1400 1224; x_wconf 87' lang='lat' dir='ltr'><strong>etiam</strong></span> 
     </span>
     <span class='ocr_line' id='line_1_20' title="bbox 237 1252 1401 1299; baseline 0 -8"><span class='ocrx_word' id='word_1_142' title='bbox 237 1255 447 1292; x_wconf 87' lang='lat' dir='ltr'><strong>stultorum</strong></span> <span class='ocrx_word' id='word_1_143' title='bbox 468 1256 534 1299; x_wconf 90' lang='lat' dir='ltr'><strong>qui</strong></span> <span class='ocrx_word' id='word_1_144' title='bbox 555 1252 675 1289; x_wconf 86' lang='lat' dir='ltr'><strong>iidem</strong></span> <span class='ocrx_word' id='word_1_145' title='bbox 695 1254 827 1289; x_wconf 89' lang='lat' dir='ltr'><strong>miseri</strong></span> <span class='ocrx_word' id='word_1_146' title='bbox 847 1254 927 1288; x_wconf 88' lang='lat' dir='ltr'><strong>sint</strong></span> <span class='ocrx_word' id='word_1_147' title='bbox 946 1252 1114 1288; x_wconf 87' lang='lat' dir='ltr'><strong>officium</strong></span> <span class='ocrx_word' id='word_1_148' title='bbox 1136 1265 1220 1289; x_wconf 88' lang='lat' dir='ltr'><strong>esse</strong></span> <span class='ocrx_word' id='word_1_149' title='bbox 1240 1266 1401 1291; x_wconf 82' lang='lat' dir='ltr'><strong>manere</strong></span> 
     </span>
     <span class='ocr_line' id='line_1_21' title="bbox 236 1322 1402 1366; baseline -0.001 -7"><span class='ocrx_word' id='word_1_150' title='bbox 236 1326 277 1359; x_wconf 92' lang='lat' dir='ltr'><strong>in</strong></span> <span class='ocrx_word' id='word_1_151' title='bbox 307 1325 400 1366; x_wconf 79' lang='lat' dir='ltr'><strong>vita,</strong></span> <span class='ocrx_word' id='word_1_152' title='bbox 427 1323 458 1357; x_wconf 91' lang='lat' dir='ltr'><strong>si</strong></span> <span class='ocrx_word' id='word_1_153' title='bbox 489 1323 569 1356; x_wconf 88' lang='lat' dir='ltr'><strong>sint</strong></span> <span class='ocrx_word' id='word_1_154' title='bbox 598 1322 640 1356; x_wconf 90' lang='lat' dir='ltr'><strong>in</strong></span> <span class='ocrx_word' id='word_1_155' title='bbox 671 1322 817 1355; x_wconf 87' lang='lat' dir='ltr'><strong>maiore</strong></span> <span class='ocrx_word' id='word_1_156' title='bbox 844 1323 956 1364; x_wconf 86' lang='lat' dir='ltr'><strong>parte</strong></span> <span class='ocrx_word' id='word_1_157' title='bbox 984 1332 1117 1355; x_wconf 88' lang='lat' dir='ltr'><strong>earum</strong></span> <span class='ocrx_word' id='word_1_158' title='bbox 1147 1333 1278 1356; x_wconf 90' lang='lat' dir='ltr'><strong>rerum</strong></span> <span class='ocrx_word' id='word_1_159' title='bbox 1307 1334 1402 1366; x_wconf 89' lang='lat' dir='ltr'><strong>quas</strong></span> 
     </span>
     <span class='ocr_line' id='line_1_22' title="bbox 237 1385 1402 1431; baseline -0.001 -5"><span class='ocrx_word' id='word_1_160' title='bbox 237 1388 456 1426; x_wconf 85' lang='lat' dir='ltr'><strong>secundum</strong></span> <span class='ocrx_word' id='word_1_161' title='bbox 478 1392 660 1423; x_wconf 88' lang='lat' dir='ltr'><strong>naturam</strong></span> <span class='ocrx_word' id='word_1_162' title='bbox 681 1398 766 1422; x_wconf 88' lang='lat' dir='ltr'><strong>esse</strong></span> <span class='ocrx_word' id='word_1_163' title='bbox 787 1385 964 1422; x_wconf 88' lang='lat' dir='ltr'><strong>dicimus.</strong></span> <span class='ocrx_word' id='word_1_164' title='bbox 1007 1385 1060 1422; x_wconf 88' lang='lat' dir='ltr'><strong>Et</strong></span> <span class='ocrx_word' id='word_1_165' title='bbox 1081 1389 1266 1431; x_wconf 88' lang='lat' dir='ltr'><strong>quoniam</strong></span> <span class='ocrx_word' id='word_1_166' title='bbox 1287 1400 1402 1425; x_wconf 84' lang='lat' dir='ltr'><strong>exce-</strong></span> 
     </span>
     <span class='ocr_line' id='line_1_23' title="bbox 236 1452 1404 1497; baseline -0.001 -4"><span class='ocrx_word' id='word_1_167' title='bbox 236 1456 335 1493; x_wconf 88' lang='lat' dir='ltr'><strong>dens</strong></span> <span class='ocrx_word' id='word_1_168' title='bbox 352 1468 374 1491; x_wconf 93' lang='lat' dir='ltr'><strong>e</strong></span> <span class='ocrx_word' id='word_1_169' title='bbox 390 1457 470 1490; x_wconf 83' lang='lat' dir='ltr'><strong>vita</strong></span> <span class='ocrx_word' id='word_1_170' title='bbox 486 1458 528 1490; x_wconf 88' lang='lat' dir='ltr'><strong>et</strong></span> <span class='ocrx_word' id='word_1_171' title='bbox 543 1466 707 1489; x_wconf 83' lang='lat' dir='ltr'><strong>manens</strong></span> <span class='ocrx_word' id='word_1_172' title='bbox 719 1465 845 1497; x_wconf 85' lang='lat' dir='ltr'><strong>aeque</strong></span> <span class='ocrx_word' id='word_1_173' title='bbox 858 1455 977 1488; x_wconf 89' lang='lat' dir='ltr'><strong>miser</strong></span> <span class='ocrx_word' id='word_1_174' title='bbox 990 1457 1063 1497; x_wconf 88' lang='lat' dir='ltr'><strong>est,</strong></span> <span class='ocrx_word' id='word_1_175' title='bbox 1077 1465 1151 1489; x_wconf 89' lang='lat' dir='ltr'><strong>nec</strong></span> <span class='ocrx_word' id='word_1_176' title='bbox 1164 1452 1404 1493; x_wconf 84' lang='lat' dir='ltr'><strong>diuturnitas</strong></span> 
     </span>
     <span class='ocr_line' id='line_1_24' title="bbox 236 1515 1405 1564; baseline -0.002 -9"><span class='ocrx_word' id='word_1_177' title='bbox 236 1521 360 1564; x_wconf 86' lang='lat' dir='ltr'><strong>magis</strong></span> <span class='ocrx_word' id='word_1_178' title='bbox 376 1520 412 1554; x_wconf 91' lang='lat' dir='ltr'><strong>ei</strong></span> <span class='ocrx_word' id='word_1_179' title='bbox 428 1519 549 1553; x_wconf 88' lang='lat' dir='ltr'><strong>vitam</strong></span> <span class='ocrx_word' id='word_1_180' title='bbox 566 1515 798 1561; x_wconf 87' lang='lat' dir='ltr'><strong>fugiendam</strong></span> <span class='ocrx_word' id='word_1_181' title='bbox 813 1515 920 1560; x_wconf 86' lang='lat' dir='ltr'><strong>facit,</strong></span> <span class='ocrx_word' id='word_1_182' title='bbox 935 1528 1014 1551; x_wconf 90' lang='lat' dir='ltr'><strong>non</strong></span> <span class='ocrx_word' id='word_1_183' title='bbox 1031 1518 1115 1552; x_wconf 91' lang='lat' dir='ltr'><strong>sine</strong></span> <span class='ocrx_word' id='word_1_184' title='bbox 1132 1528 1246 1552; x_wconf 86' lang='lat' dir='ltr'><strong>causa</strong></span> <span class='ocrx_word' id='word_1_185' title='bbox 1261 1516 1405 1553; x_wconf 83' lang='lat' dir='ltr'><strong>dicitur</strong></span> 
     </span>
     <span class='ocr_line' id='line_1_25' title="bbox 237 1577 1402 1626; baseline -0.001 -8"><span class='ocrx_word' id='word_1_186' title='bbox 237 1585 282 1618; x_wconf 86' lang='lat' dir='ltr'><strong>iis</strong></span> <span class='ocrx_word' id='word_1_187' title='bbox 303 1584 369 1626; x_wconf 90' lang='lat' dir='ltr'><strong>qui</strong></span> <span class='ocrx_word' id='word_1_188' title='bbox 390 1580 567 1626; x_wconf 89' lang='lat' dir='ltr'><strong>pluribus</strong></span> <span class='ocrx_word' id='word_1_189' title='bbox 588 1578 833 1615; x_wconf 85' lang='lat' dir='ltr'><strong>naturalibus</strong></span> <span class='ocrx_word' id='word_1_190' title='bbox 861 1577 937 1614; x_wconf 88' lang='lat' dir='ltr'><strong>frui</strong></span> <span class='ocrx_word' id='word_1_191' title='bbox 964 1581 1117 1624; x_wconf 87' lang='lat' dir='ltr'><strong>possint</strong></span> <span class='ocrx_word' id='word_1_192' title='bbox 1143 1591 1229 1616; x_wconf 90' lang='lat' dir='ltr'><strong>esse</strong></span> <span class='ocrx_word' id='word_1_193' title='bbox 1256 1582 1296 1615; x_wconf 87' lang='lat' dir='ltr'><strong>in</strong></span> <span class='ocrx_word' id='word_1_194' title='bbox 1324 1583 1402 1617; x_wconf 80' lang='lat' dir='ltr'><strong>vita</strong></span> 
     </span>
     <span class='ocr_line' id='line_1_26' title="bbox 235 1643 487 1680; baseline -0.008 0"><span class='ocrx_word' id='word_1_195' title='bbox 235 1643 487 1680; x_wconf 85' lang='lat' dir='ltr'><strong>manendum.</strong></span> 
     </span>
    </p>

    <p class='ocr_par' dir='ltr' id='par_1_7' title="bbox 119 1696 1402 1814">
     <span class='ocr_line' id='line_1_27' title="bbox 119 1696 1402 1745; baseline -0.002 0"><span class='ocrx_word' id='word_1_196' title='bbox 119 1702 121 1704; x_wconf 35' lang='lat'><strong><em>¹</em></strong></span> <span class='ocrx_word' id='word_1_197' title='bbox 155 1707 204 1745; x_wconf 73' lang='lat'><strong>62</strong></span> <span class='ocrx_word' id='word_1_198' title='bbox 290 1705 398 1742; x_wconf 92' lang='lat' dir='ltr'>XIX.</span> <span class='ocrx_word' id='word_1_199' title='bbox 432 1696 455 1712; x_wconf 84' lang='lat'><strong>“</strong></span> <span class='ocrx_word' id='word_1_200' title='bbox 472 1705 677 1741; x_wconf 84' lang='lat' dir='ltr'><strong>Pertinere</strong></span> <span class='ocrx_word' id='word_1_201' title='bbox 708 1709 843 1741; x_wconf 88' lang='lat' dir='ltr'><strong>autem</strong></span> <span class='ocrx_word' id='word_1_202' title='bbox 876 1703 926 1740; x_wconf 87' lang='lat' dir='ltr'><strong>ad</strong></span> <span class='ocrx_word' id='word_1_203' title='bbox 957 1717 1041 1741; x_wconf 87' lang='lat' dir='ltr'><strong>rem</strong></span> <span class='ocrx_word' id='word_1_204' title='bbox 1072 1706 1314 1742; x_wconf 85' lang='lat' dir='ltr'><strong>arbitrantur</strong></span> <span class='ocrx_word' id='word_1_205' title='bbox 1343 1709 1402 1743; x_wconf 88' lang='lat' dir='ltr'><strong>in-</strong></span> 
     </span>
     <span class='ocr_line' id='line_1_28' title="bbox 235 1767 1400 1814; baseline -0.002 -7"><span class='ocrx_word' id='word_1_206' title='bbox 235 1769 375 1814; x_wconf 79' lang='lat' dir='ltr'><strong>tellegi</strong></span> <span class='ocrx_word' id='word_1_207' title='bbox 396 1773 536 1805; x_wconf 90' lang='lat' dir='ltr'><strong>natura</strong></span> <span class='ocrx_word' id='word_1_208' title='bbox 563 1767 646 1804; x_wconf 90' lang='lat' dir='ltr'><strong>fieri</strong></span> <span class='ocrx_word' id='word_1_209' title='bbox 674 1772 720 1804; x_wconf 89' lang='lat' dir='ltr'><strong>ut</strong></span> <span class='ocrx_word' id='word_1_210' title='bbox 744 1767 859 1804; x_wconf 90' lang='lat' dir='ltr'><strong>liberi</strong></span> <span class='ocrx_word' id='word_1_211' title='bbox 886 1780 909 1803; x_wconf 86' lang='lat' dir='ltr'><strong>a</strong></span> <span class='ocrx_word' id='word_1_212' title='bbox 934 1768 1165 1813; x_wconf 87' lang='lat' dir='ltr'><strong>parentibus</strong></span> <span class='ocrx_word' id='word_1_213' title='bbox 1191 1773 1400 1814; x_wconf 87' lang='lat' dir='ltr'><strong>amentur;</strong></span> 
     </span>
    </p>
   </div>
   <div class='ocr_carea' id='block_1_7' title="bbox 231 1838 1395 1967">
    <p class='ocr_par' dir='ltr' id='par_1_8' title="bbox 231 1838 1395 1967">
     <span class='ocr_line' id='line_1_29' title="bbox 276 1838 1395 1881; baseline -0.001 -10"><span class='ocrx_word' id='word_1_214' title='bbox 276 1841 391 1871; x_wconf 81' lang='lat' dir='ltr'><strong>¹Mdv.</strong></span> <span class='ocrx_word' id='word_1_215' title='bbox 412 1840 501 1881; x_wconf 87' lang='lat' dir='ltr'><strong>conj.</strong></span> <span class='ocrx_word' id='word_1_216' title='bbox 522 1850 631 1880; x_wconf 83' lang='lat' dir='ltr'><strong>neque</strong></span> <span class='ocrx_word' id='word_1_217' title='bbox 655 1840 685 1869; x_wconf 81' lang='lat' dir='ltr'><strong>is</strong></span> <span class='ocrx_word' id='word_1_218' title='bbox 700 1839 765 1880; x_wconf 85' lang='lat' dir='ltr'><strong>qui</strong></span> <span class='ocrx_word' id='word_1_219' title='bbox 786 1839 918 1870; x_wconf 80' lang='lat' dir='ltr'><strong>virtute</strong></span> <span class='ocrx_word' id='word_1_220' title='bbox 942 1838 1058 1868; x_wconf 82' lang='lat' dir='ltr'><strong>utitur</strong></span> <span class='ocrx_word' id='word_1_221' title='bbox 1081 1838 1252 1869; x_wconf 82' lang='lat' dir='ltr'><strong>retinetur</strong></span> <span class='ocrx_word' id='word_1_222' title='bbox 1274 1849 1314 1870; x_wconf 88' lang='lat' dir='ltr'><strong>or</strong></span> <span class='ocrx_word' id='word_1_223' title='bbox 1337 1840 1395 1870; x_wconf 85' lang='lat' dir='ltr'><strong>the</strong></span> 
     </span>
     <span class='ocr_line' id='line_1_30' title="bbox 231 1885 1395 1967; baseline 0.001 -10"><span class='ocrx_word' id='word_1_224' title='bbox 231 1885 560 1967; x_wconf 43' lang='grc' dir='ltr'><strong>11ιζ’ὶὲ,ριιοιιῖ--υὺυενε</strong></span> <span class='ocrx_word' id='word_1_225' title='bbox 575 1925 797 1966; x_wconf 82' lang='lat' dir='ltr'><strong>afterfacere</strong></span> <span class='ocrx_word' id='word_1_226' title='bbox 805 1924 917 1965; x_wconf 80' lang='lat' dir='ltr'><strong>possit</strong></span> <span class='ocrx_word' id='word_1_227' title='bbox 931 1922 1043 1955; x_wconf 88' lang='lat' dir='ltr'><strong>above</strong></span> <span class='ocrx_word' id='word_1_228' title='bbox 1059 1923 1175 1962; x_wconf 88' lang='lat' dir='ltr'><strong>MSS.,</strong></span> <span class='ocrx_word' id='word_1_229' title='bbox 1193 1924 1287 1956; x_wconf 87' lang='lat' dir='ltr'><strong>Mdv.</strong></span> <span class='ocrx_word' id='word_1_230' title='bbox 1301 1925 1395 1958; x_wconf 79' lang='lat' dir='ltr'><strong>after</strong></span> 
     </span>
    </p>
   </div>
   <div class='ocr_carea' id='block_1_8' title="bbox 227 1970 896 2013">
    <p class='ocr_par' dir='ltr' id='par_1_9' title="bbox 227 1970 896 2013">
     <span class='ocr_line' id='line_1_31' title="bbox 227 1970 896 2013; baseline -0.005 -8"><span class='ocrx_word' id='word_1_231' title='bbox 227 1974 351 2006; x_wconf 78' lang='lat' dir='ltr'><strong>Baiter</strong></span> <span class='ocrx_word' id='word_1_232' title='bbox 366 1976 528 2013; x_wconf 85' lang='lat' dir='ltr'><strong>suggests</strong></span> <span class='ocrx_word' id='word_1_233' title='bbox 544 1973 606 2003; x_wconf 86' lang='lat' dir='ltr'><strong>the</strong></span> <span class='ocrx_word' id='word_1_234' title='bbox 623 1970 896 2012; x_wconf 81' lang='lat' dir='ltr'><strong>transposition.</strong></span> 
     </span>
    </p>
   </div>
   <div class='ocr_carea' id='block_1_9' title="bbox 229 2041 1382 2127">
    <p class='ocr_par' dir='ltr' id='par_1_10' title="bbox 229 2041 1382 2127">
     <span class='ocr_line' id='line_1_32' title="bbox 269 2041 1382 2116; baseline 0.003 -43"><span class='ocrx_word' id='word_1_235' title='bbox 269 2051 283 2065; x_wconf 53' lang='grc' dir='ltr'><strong>ὃ</strong></span> <span class='ocrx_word' id='word_1_236' title='bbox 300 2043 453 2116; x_wconf 58' lang='lat' dir='ltr'><strong>Loct&gt;sely</strong></span> <span class='ocrx_word' id='word_1_237' title='bbox 464 2046 531 2084; x_wconf 85' lang='lat' dir='ltr'><strong>put</strong></span> <span class='ocrx_word' id='word_1_238' title='bbox 541 2042 617 2074; x_wconf 82' lang='lat' dir='ltr'><strong>for‘</strong></span> <span class='ocrx_word' id='word_1_239' title='bbox 627 2043 688 2074; x_wconf 86' lang='lat' dir='ltr'><strong>the</strong></span> <span class='ocrx_word' id='word_1_240' title='bbox 705 2042 868 2084; x_wconf 85' lang='lat' dir='ltr'><strong>primary</strong></span> <span class='ocrx_word' id='word_1_241' title='bbox 880 2041 1002 2083; x_wconf 88' lang='lat' dir='ltr'><strong>things</strong></span> <span class='ocrx_word' id='word_1_242' title='bbox 1013 2042 1051 2073; x_wconf 84' lang='lat' dir='ltr'><strong>of</strong></span> <span class='ocrx_word' id='word_1_243' title='bbox 1067 2046 1194 2075; x_wconf 85' lang='lat' dir='ltr'><strong>nature</strong></span> <span class='ocrx_word' id='word_1_244' title='bbox 1205 2044 1277 2076; x_wconf 86' lang='lat' dir='ltr'><strong>and</strong></span> <span class='ocrx_word' id='word_1_245' title='bbox 1288 2044 1382 2076; x_wconf 77' lang='lat' dir='ltr'><strong>their</strong></span> 
     </span>
     <span class='ocr_line' id='line_1_33' title="bbox 229 2095 414 2127; baseline -0.005 -10"><span class='ocrx_word' id='word_1_246' title='bbox 229 2095 356 2127; x_wconf 73' lang='lat' dir='ltr'><strong>opp031</strong></span> <span class='ocrx_word' id='word_1_247' title='bbox 377 2095 414 2116; x_wconf 86' lang='lat' dir='ltr'><strong>es</strong></span> 
     </span>
    </p>
   </div>
   <div class='ocr_carea' id='block_1_10' title="bbox 336 2129 413 2166">
    <p class='ocr_par' dir='ltr' id='par_1_11' title="bbox 336 2129 413 2166">
     <span class='ocr_line' id='line_1_34' title="bbox 336 2129 413 2166; baseline 0 0"><span class='ocrx_word' id='word_1_248' title='bbox 336 2129 413 2166; x_wconf 80' lang='lat'><strong>280</strong></span> 
     </span>
    </p>
   </div>
  </div>
 </body>
</html>
