1533 2349
256 400 278 435 01

602 98 798 135 CICERO
839 97 914 134 DE
953 98 1169 137 FINIBUS

299 189 436 224 reiciat
475 185 578 237 quod
617 198 657 222 se
692 184 831 221 iisdem
880 183 1057 234 Euripidi
1088 185 1229 223 fabulis
1262 187 1451 224 delectari

299 258 418 302 (licat,
442 256 599 293 Latinas
620 255 773 292 litteras
795 253 954 291 oderit?
1010 253 1266 305 Synephebos
1287 270 1374 305 ego,
1395 260 1452 293 in-

300 330 399 377 quit,
421 329 551 376 potius
573 324 716 361 Caecili
746 329 815 360 aut
842 323 1032 360 Andriam
1059 324 1221 363 Terenti
1248 340 1365 375 quam
1392 332 1453 363 ut-

301 409 462 445 ramque
474 394 684 431 Menandri
694 393 824 442 legam
839 394 852 428 ?
899 393 934 428 A
943 393 1082 443 quibus
1096 399 1250 432 tantum
1263 395 1454 432 dissentio

302 471 357 511 ut,
387 478 475 501 cum
506 463 721 512 Sophocles
749 462 811 499 vel
841 465 991 511 optime
1017 465 1215 512 scripserit
1243 465 1454 510 Electram,

302 542 437 572 tamen
459 534 560 569 male
583 545 811 569 conversam
835 531 931 568 Atili
952 532 1047 568 mihi
1067 532 1277 582 legendam
1303 540 1453 583 putem,

304 606 353 642 de
375 617 452 654 quo
472 602 666 639 Licinius1
683 606 693 623 ‘
709 601 880 639 ferreum
898 603 1150 651 scriptorem,’
1168 617 1302 640 verum
1318 607 1457 653 opinor

298 668 530 711 scriptorem
565 671 713 711 tamen,
747 671 792 702 ut
822 666 1017 711 legendus
1051 670 1111 704 sit.
1172 668 1324 704 Rudem
1355 671 1460 704 enim

298 749 382 772 esse
393 739 552 772 omnino
566 739 605 772 in
620 740 763 773 nostris
776 740 903 782 poetis
917 743 985 774 aut
999 740 1256 775 inertissimae
1270 742 1462 783 segnitiae

299 813 359 844 est
379 813 447 844 aut
469 807 602 844 fastidi
620 807 900 845 delicatissimi.
962 809 1062 845 Mihi
1078 810 1237 855 quidem
1257 809 1354 846 nulli
1372 812 1463 845 satis

298 879 443 916 eruditi
465 879 650 915 videntur
671 880 811 925 quibus
833 885 966 917 nostra
986 883 1121 926 ignota
1141 886 1242 918 sunt.
1303 881 1366 917 An

461 951 625 987 Utinam
646 964 696 987 ne
717 953 758 987 in
778 964 994 988 nemore—

298 1021 422 1058 nihilo
442 1024 572 1058 minus
593 1022 760 1067 legimus
782 1036 899 1068 quam
920 1022 993 1059 hoc
1009 1023 1115 1060 idem
1131 1024 1338 1069 Graecum,
1360 1037 1460 1070 quae

298 1098 432 1129 autem
453 1093 502 1130 de
523 1094 625 1130 bene
646 1094 843 1139 beateque
859 1094 1027 1131 vivendo
1042 1107 1064 1131 a
1080 1094 1243 1132 Platone
1263 1095 1463 1141 disputata

301 1169 406 1209 sunt,
428 1163 526 1200 haec
555 1165 742 1210 explicari
768 1178 849 1202 non
876 1165 1050 1212 placebit
1076 1165 1242 1203 Latine?
1298 1166 1406 1212 Quid
1433 1171 1463 1204 si

301 1248 372 1271 nos
393 1249 473 1271 non
494 1238 762 1281 interpretum
788 1236 992 1281 fungimur
1018 1250 1194 1280 munere,
1215 1237 1285 1274 sed
1311 1243 1467 1275 tuemer

303 1320 349 1343 ea
370 1320 469 1352 quae
492 1307 597 1344 dicta
618 1312 711 1344 sunt
731 1307 780 1343 ab
800 1310 847 1345 iis
874 1321 970 1354 quos
996 1309 1216 1354 probamus,
1237 1296 1371 1355 eisqu}
1397 1323 1466 1347 no-

302 1382 425 1414 strum
439 1378 627 1414 iudicium
642 1384 683 1415 et
696 1383 874 1415 nostrum
888 1379 1084 1416 scribendi
1097 1380 1274 1417 ordinem
1287 1380 1467 1426 adiungi-

302 1450 414 1485 mus?
444 1449 539 1495 quid
569 1449 720 1486 habent
750 1463 819 1487 cur
849 1450 999 1488 Graeca
1022 1455 1267 1497 anteponant
1295 1454 1341 1488 iis
1365 1465 1465 1498 quae

304 1525 344 1556 et
357 1520 564 1566 splendide
579 1520 684 1557 dicta
698 1524 777 1558 sint
789 1534 919 1567 neque
932 1524 1012 1559 sint
1024 1535 1208 1559 conversa
1216 1522 1266 1560 de
1281 1523 1465 1561 Graecis?

306 1592 407 1627 Nam
421 1594 450 1627 si
473 1591 610 1629 dicent
629 1592 678 1628 ab
700 1592 775 1630 illis
796 1592 865 1630 has
886 1606 947 1630 res
968 1606 1052 1631 esse
1072 1598 1270 1640 tractatas,
1291 1607 1342 1632 ne
1363 1598 1466 1641 ipsos

305 1663 466 1708 quidem
499 1663 670 1700 Graecos
705 1669 766 1700 est
798 1677 866 1701 cur
896 1669 978 1701 tam
1008 1664 1152 1702 multos
1182 1665 1320 1711 legant
1350 1680 1467 1713 quarn

305 1733 469 1779 legendi
491 1739 593 1771 sunt.
655 1734 761 1780 Quid
790 1738 897 1773 enim
925 1741 986 1774 est
1007 1750 1030 1773 a
1057 1736 1273 1784 Chrysippo
1293 1744 1468 1784 praeter-

304 1808 466 1841 missum
486 1807 527 1842 in
549 1805 713 1843 Stoicis?
772 1807 959 1852 Legimus
974 1813 1108 1845 tamen
1129 1808 1365 1855 Diogenem,
1386 1811 1468 1847 An-

512 1870 523 1889 1
548 1870 710 1901 Licinius
727 1879 738 1902 :
760 1872 916 1912 perhaps
932 1869 1088 1907 Licinus,
1105 1879 1162 1901 see
1180 1868 1305 1901 Index,

305 1954 360 2021 ΜΞ*
369 1946 456 2020 dThe
473 1945 637 2019 fopening
659 1946 696 1977 of
719 1946 887 1977 Ennius's
905 1946 1033 1977 Medea
1048 1945 1171 1982 Exsul,
1190 1954 1245 1987 cp.
1265 1945 1465 1987 Euripides,

332 2000 334 2003 ’
351 2000 366 2020 e
392 1999 430 2019 ea
449 1997 466 2027 3
487 2013 494 2020 .

413 2034 434 2070 6
