1574 2364
153 353 194 386 51

532 145 727 182 CICERO
760 145 832 182 DE
864 146 1082 184 FINIBUS

232 224 443 261 vivendum
458 224 606 269 aliquid
620 229 754 261 tamen
768 225 873 270 quod
887 225 1063 262 differret
1077 239 1161 263 esse
1177 226 1399 272 voluerunt,

232 292 276 323 ut
306 292 440 323 essent
470 300 606 323 eorum
636 287 711 323 alia
739 288 1012 333 aestimabilia,
1042 288 1117 324 alia
1147 294 1297 334 contra,
1325 290 1400 326 alia

232 355 430 386 neutrum.
483 349 596 395 Quae
612 355 747 387 autem
768 351 1014 387 aestimanda
1035 356 1181 397 essent,
1203 365 1337 389 eorum
1358 356 1398 389 in

232 413 315 449 aliis
333 415 426 449 satis
443 426 527 449 esse
545 426 683 450 causae
704 414 959 458 quamobrem
980 415 1213 460 quibusdam
1234 421 1398 461 antepo-

232 481 437 521 nerentur,
454 481 498 513 ut
514 479 554 512 in
571 476 814 521 valetudine,
830 482 875 513 ut
892 479 932 513 in
949 479 1181 522 integritate
1199 491 1399 524 sensuum,

232 544 276 575 ut
304 542 343 574 in
371 539 515 576 doloris
540 542 751 585 vacuitate,
780 545 824 576 ut
850 540 1013 585 gloriae,
1034 541 1273 586 divitiarum,
1294 545 1399 578 simi-

233 604 327 640 lium
350 598 509 649 rerum,1
532 605 607 641 alia
627 610 762 642 autem
783 619 863 642 non
884 619 968 643 esse
991 607 1201 651 eiusmodi,
1222 610 1398 653 itemque

232 680 367 704 eorum
392 681 492 713 quae
518 668 626 704 nulla
646 671 923 706 aestimatione
943 669 1065 715 digna
1085 675 1231 715 essent,
1254 674 1396 716 partim

232 733 324 767 satis
346 730 492 767 habere
514 744 652 768 causae
674 732 930 777 quamobrem
951 735 1209 779 reicerentur,
1226 738 1270 770 ut
1290 734 1398 770 dolo-

232 806 328 838 rem,
362 794 556 839 morbum,
591 807 777 831 sensuum
811 798 1074 840 amissionem,
1109 801 1398 842 paupertatem,

231 859 501 901 ignominiam,
523 857 663 894 similia
684 857 836 902 horum,
856 861 1000 903 partim
1021 872 1100 895 non
1121 862 1228 896 item.
1291 860 1398 896 Hinc

233 924 293 956 est
314 919 413 956 illud
438 925 619 957 exortum
647 920 752 965 quod
781 920 886 957 Zeno
911 921 1160 967 προηγμένον,
1182 928 1397 968 contraque

231 983 336 1027 quod
385 982 697 1028 ἀποπροηγμένον
740 987 970 1029 nominavit,
1011 998 1100 1021 cum
1138 990 1318 1022 uteretur
1356 989 1396 1022 in

230 1045 365 1090 lingua
385 1049 539 1091 copiosa
560 1046 673 1083 factis
694 1052 829 1084 tamen
849 1048 1073 1084 nominibus
1093 1062 1137 1085 ac
1153 1051 1275 1093 novis,
1292 1049 1396 1094 quod

231 1109 342 1145 nobis
364 1112 404 1144 in
426 1109 497 1145 hac
515 1112 620 1155 inopi
637 1110 772 1155 lingua
788 1123 867 1146 non
884 1111 1115 1148 conceditur
1131 1124 1139 1155 ;
1160 1125 1395 1157 quamquam

231 1176 273 1207 tu
306 1171 408 1208 hanc
440 1175 696 1218 copiosiorem
730 1176 849 1210 etiam
881 1174 982 1211 soles
1014 1174 1156 1211 dicere.
1217 1174 1294 1212 Sed
1316 1188 1394 1212 non

230 1234 403 1271 alienum
431 1240 505 1280 est,
533 1249 610 1280 quo
637 1235 789 1272 facilius
816 1239 872 1273 vis
900 1237 1008 1273 verbi
1036 1237 1306 1283 intellegatur,
1336 1251 1395 1274 ra-

230 1300 380 1334 tionem
402 1297 516 1334 huius
537 1290 671 1335 verbi²
692 1299 863 1336 faciendi
886 1300 1053 1336 Zenonis
1074 1314 1283 1346 exponere.

285 1360 391 1397 XVI.
424 1352 447 1367 “
464 1361 520 1398 Ut
540 1363 659 1406 enim,
675 1364 818 1407 inquit,
833 1375 951 1399 nemo
967 1363 1063 1399 dicit
1079 1366 1119 1399 in
1135 1366 1243 1408 regia
1259 1377 1394 1409 regem

230 1426 357 1468 ipsum
381 1427 490 1468 quasi
519 1425 755 1469 productum
786 1438 870 1462 esse
899 1425 949 1461 ad
979 1426 1216 1471 dignitatem
1245 1419 1303 1470 (id
1333 1433 1394 1464 est

230 1489 336 1523 enim
356 1480 619 1532 προηγμένον),
641 1488 710 1524 sed
731 1501 797 1525 eos
817 1491 884 1533 qui
909 1492 948 1525 in
972 1489 1102 1534 aliquo
1127 1489 1275 1526 honore
1300 1495 1392 1526 sunt

229 1557 394 1589 quorum
424 1545 519 1581 ordo
549 1549 724 1590 proxime
754 1546 920 1591 accedit,
951 1552 996 1584 ut
1024 1547 1220 1584 secundus
1249 1550 1312 1592 sit,
1342 1548 1391 1584 ad

228 1605 381 1647 regium
409 1606 686 1649 principatum,
707 1607 760 1640 sic
787 1607 827 1640 in
855 1608 935 1642 vita
961 1618 1040 1641 non
1069 1619 1113 1642 ea
1140 1619 1240 1651 quae
1267 1608 1392 1651 primo

227 1654 384 1697 ordine³
403 1666 507 1706 sunt,
524 1662 593 1698 sed
615 1675 673 1707 ea,
695 1676 794 1708 quae
815 1663 1033 1700 secundum
1049 1663 1178 1700 locum
1194 1665 1390 1709 obtinent,

226 1718 450 1764 προηγμένα,
470 1720 509 1756 id
530 1726 603 1765 est,
620 1721 810 1766 producta
830 1724 1108 1764 nominentur3
1138 1736 1237 1767 quae
1259 1722 1320 1759 vel
1337 1725 1391 1758 ita

225 1777 470 1822 appellemus
491 1770 549 1821 (id
571 1782 644 1815 erit
667 1780 830 1816 verbum
851 1793 872 1817 e
894 1773 1031 1824 verbo)
1057 1780 1117 1817 vel
1144 1785 1323 1826 promota
1350 1785 1392 1816 et

224 1841 376 1872 remota
396 1836 458 1873 vel
479 1841 523 1872 ut
545 1836 695 1873 dudum
717 1837 886 1874 diximus
910 1841 1134 1884 praeposita
1157 1839 1219 1875 vel
1244 1840 1393 1884 praeci-

279 1906 290 1925 ¹
304 1918 417 1938 rerum
434 1920 443 1937 .·
460 1918 574 1938 rerum
594 1908 631 1938 in
650 1919 716 1939 usu
734 1907 823 1950 conj.
845 1909 887 1940 O.
910 1909 1013 1941 Hcin.

271 1950 283 1970 ²
295 1950 393 1981 verbi
406 1961 474 1981 om.
495 1951 535 1980 A.

267 1993 401 2034 Sprtmo
418 1994 538 2024 ordtne
554 1993 644 2035 conj.
666 1993 778 2024 Mdv.
771 2006 778 2030 ς
799 1995 969 2034 pri'morze
986 1996 1053 2027 loco
1079 1996 1197 2033 MSS.;
1215 1996 1391 2036 pri‘marto

223 2037 289 2068 loco
306 2037 388 2067 with
406 2037 507 2067 mark
524 2037 565 2067 of
575 2038 790 2078 corruption,
811 2038 904 2068 Mdv.

331 2090 408 2124 270
