1574 2364
625 171 820 208 CICERO
852 170 926 207 DE
956 170 1174 208 FINIBUS

317 252 494 299 profecta
515 255 594 288 sint
616 251 682 288 fiat
702 251 752 287 ad
772 264 895 287 unum
919 255 1076 296 tempus
1106 251 1286 287 reversio.
1338 248 1478 285 Nullus

316 324 377 355 est
397 322 519 364 igitur
540 320 769 362 cuiusquam
789 316 874 353 dies
894 316 1046 353 natalis.
1089 307 1165 352 ‘At
1184 314 1377 352 habetur)
1427 314 1480 351 Et

317 398 391 430 ego
412 384 458 421 id*
473 384 626 421 scilicet
646 383 891 420 nesciebam!
950 381 1029 419 Sed
1050 387 1094 418 ut
1114 385 1177 427 sit,
1199 384 1371 419 etiamne
1392 384 1480 426 post

316 456 486 491 mortem
519 449 695 486 coletur?
731 449 850 494 idque
882 453 1127 485 testamento
1161 448 1317 484 cavebit
1349 449 1380 483 is
1415 449 1480 491 qui

317 518 428 553 nobis
449 519 559 561 quasi
579 515 779 552 oraculum
808 514 980 551 ediderit
1003 514 1102 551 nihil
1129 519 1218 560 post
1243 518 1412 550 mortem
1432 513 1481 549 ad

317 596 387 620 nos
408 583 633 628 pertinere?
693 582 806 618 Haec
827 594 907 617 non
929 585 1043 617 erant
1064 583 1147 618 eius
1172 583 1238 626 qui
1258 583 1481 616 innumera-

318 649 416 686 biles
450 648 618 685 mundos
653 648 906 693 infinitasque
939 649 1133 693 regiones,
1173 659 1337 692 quarum
1375 645 1483 682 nulla

319 719 423 752 esset
454 728 533 759 ora,
565 714 673 750 nulla
706 716 949 758 extremitas,
977 704 1136 750 ‘mente
1171 712 1480 758 peragravisset.'

319 781 425 817 Num
442 780 535 825 quid
558 780 636 816 tale
659 780 910 816 Democritus
925 780 939 814 ?
969 772 1045 822 (Ut
1060 779 1155 815 alios
1171 782 1365 823 omittam,
1378 777 1483 814 hunc

216 852 288 884 103
319 847 476 893 appello
497 859 615 892 quem
636 846 703 883 ille
725 859 847 882 unum
869 851 1026 882 secutus
1048 838 1140 889 est.)
1199 844 1315 890 Quod
1340 847 1370 881 si
1399 844 1482 881 dies

319 912 517 950 notandus
539 912 628 957 fuit,
649 925 792 948 eumne
814 914 943 957 potius
970 925 1047 957 quo
1074 916 1203 957 natus,
1224 924 1274 947 an
1295 924 1385 947 eum
1406 923 1482 956 quo

320 979 474 1021 sapiens
514 975 639 1011 factus
679 975 770 1011 est?
828 966 838 981 ‘
853 975 942 1010 Non
981 974 1135 1020 potuit,’
1172 977 1337 1019 inquies,
1377 965 1387 980 ‘
1401 973 1482 1010 fieri

321 1041 475 1084 sapiens
497 1040 570 1074 nisi
591 1042 706 1073 natus
728 1038 856 1074 esset.’
919 1037 999 1073 Isto
1020 1037 1137 1073 modo
1161 1050 1211 1073 ne
1239 1039 1270 1073 si
1296 1039 1380 1072 avia
1399 1038 1483 1081 qui-

320 1101 411 1137 dem
433 1103 515 1137 eius
536 1105 628 1136 nata
656 1113 734 1136 non
763 1105 877 1136 esset.
940 1100 1015 1136 Res
1042 1104 1139 1145 tota,
1166 1098 1378 1145 Torquate,
1404 1111 1482 1135 non

321 1163 526 1200 doctorum
547 1162 765 1207 hominum,
788 1162 889 1199 velle
917 1167 1006 1208 post
1032 1167 1201 1199 mortem
1228 1161 1354 1207 epulis
1381 1161 1483 1198 cele-

322 1227 423 1262 brari
456 1228 685 1262 memoriam
720 1228 778 1261 sui
816 1227 994 1262 nominis.
1055 1224 1163 1270 Quos
1202 1224 1362 1270 quidem
1400 1224 1484 1261 dies

321 1288 656 1334 quemadmodum
677 1290 802 1333 agatis
824 1293 865 1324 et
885 1291 925 1324 in
946 1293 1135 1333 quantam
1155 1287 1360 1324 hominum
1380 1287 1483 1327 face-

320 1357 450 1387 torum
478 1351 744 1387 urbanitatem
772 1352 991 1395 incurratis,
1013 1364 1091 1387 non
1118 1350 1230 1395 dico;
1260 1349 1357 1386 nihil
1388 1363 1483 1395 opus

321 1419 382 1450 est
402 1414 536 1449 litibus
553 1426 561 1456 ;
590 1418 746 1449 tantum
767 1413 855 1449 dico
882 1415 1005 1459 magis
1032 1413 1153 1450 fuisse
1172 1418 1345 1450 vestrum
1366 1426 1482 1458 agere

322 1477 480 1522 Epicuri
501 1476 607 1512 diem
628 1475 801 1512 natalem
822 1489 939 1521 quam
960 1476 1063 1513 illius
1084 1481 1326 1513 testamento
1347 1488 1483 1512 cavere

320 1544 364 1575 ut
383 1544 577 1584 ageretur.

215 1606 290 1638 104-
375 1601 544 1637 XXXII.
578 1592 691 1638 “Sed
721 1606 765 1638 ut
793 1601 843 1638 ad
872 1603 1115 1647 propositum
1145 1605 1387 1638 revertamur
1414 1599 1480 1644 (de

320 1664 453 1700 dolore
475 1666 580 1700 enim
601 1677 690 1700 cum
711 1664 944 1709 diceremus,
965 1663 1015 1700 ad
1041 1667 1156 1700 istam
1177 1663 1387 1709 epistulam
1413 1663 1481 1700 de-

320 1726 389 1762 lati
403 1719 566 1771 sumus),
580 1739 685 1762 nunc
699 1731 827 1763 totum
841 1727 939 1763 illud
953 1727 1134 1763 concludi
1148 1729 1202 1763 sic
1215 1726 1329 1763 licet:
1350 1725 1428 1771 Qui
1442 1729 1479 1762 in

364 1837 478 1867 aThis
495 1837 699 1877 conception
718 1838 746 1868 is
763 1837 870 1868 found
888 1838 920 1869 in
941 1838 1053 1875 Plato,
1076 1838 1241 1870 Timaeus
1256 1847 1307 1877 39.
1323 1837 1393 1868 and
1407 1847 1482 1867 was

322 1879 494 1920 accepted
511 1880 556 1920 by
568 1881 708 1910 ancient
722 1885 975 1917 astronomers,
989 1882 1068 1911 who
1081 1881 1277 1911 calculated
1290 1881 1348 1911 the
1363 1880 1480 1920 period

322 1923 362 1953 of
383 1924 440 1953 the
465 1922 577 1953 Great
601 1923 697 1953 Year
720 1934 758 1953 or
784 1924 921 1955 Perfect
945 1924 1054 1961 Year,
1079 1934 1120 1954 as
1144 1924 1169 1954 it
1193 1933 1268 1954 was
1292 1923 1417 1961 called,
1442 1928 1479 1953 at

328 1975 442 2006 ¹²³954
459 1966 555 1996 solar
569 1975 686 2006 years„

364 2007 380 2029 b
393 2008 573 2039 Lucretius
605 2008 630 2039 Ι.
669 2016 710 2048 74
747 2019 846 2039 omne
883 2008 1091 2039 immensum
1127 2009 1336 2050 peragravit
1371 2011 1482 2039 mente

323 2061 519 2091 ammoque.

433 2105 507 2140 194
