1574 2364
573 157 770 194 CICERO
802 156 876 193 DE
907 157 1127 195 FINIBUS

262 238 459 283 dignitate
490 236 761 282 expetendum
791 242 864 282 est,
886 250 1021 273 eorum
1050 243 1184 273 autem
1214 250 1315 282 quae
1342 243 1435 274 sunt.

264 296 389 339 prima
427 298 590 328 naturae
630 297 793 337 propter
830 305 871 328 se
910 292 1009 327 nihil
1049 298 1110 328 est
1149 293 1430 337 expetendum.

265 349 362 384 Cum
384 360 476 384 vero
497 347 563 382 illa
584 360 683 392 quae
704 347 828 382 officia
849 359 933 383 esse
958 347 1039 383 dixi
1065 347 1361 392 proficiscantur
1384 349 1433 383 ab

264 406 386 439 initiis
420 407 597 446 naturae,
628 414 791 438 necesse
826 407 888 438 est.
921 415 967 438 ea
997 402 1047 438 ad
1078 402 1176 438 haec
1206 402 1358 447 referri,
1390 408 1434 439 ut

264 463 373 494 recte
394 457 471 493 dici
493 459 615 502 possit
635 459 766 492 onmia
786 457 910 492 officia
934 469 980 492 eo
1007 456 1146 493 referri
1172 462 1219 493 ut
1243 457 1434 502 adipisca-

263 526 351 549 nmr
370 515 562 557 principia
582 517 760 556 naturae,
775 525 850 547 nec
870 517 1005 547 tamen
1025 517 1070 547 ut
1085 512 1160 548 hoc
1176 515 1227 548 sit
1241 512 1433 548 bonorum

264 568 461 605 ultimum.
483 572 694 612 propterea
713 566 818 611 quod
838 580 917 602 non
938 569 1043 602 inest
1062 570 1103 602 in
1119 569 1254 612 primis
1269 572 1433 603 naturae

264 622 604 659 conciliationibus
624 621 793 658 honesta
813 624 935 665 actio3
967 634 1212 667 consequens
1239 627 1300 658 est
1327 625 1433 657 enim

265 683 307 714 et
338 683 427 723 post
460 680 596 721 oritur,
631 682 676 713 ut
709 677 800 712 dixi.
862 677 933 712 Est
967 682 1102 712 tamen
1136 690 1182 712 ea
1215 677 1433 713 secundum

264 738 444 769 naturam
466 732 670 776 multoque
691 745 761 768 nos
782 731 831 767 ad
852 744 892 767 se
914 731 1180 776 expetendam
1200 734 1324 777 magis
1344 731 1433 767 hor-

264 793 372 824 tatur
402 800 519 832 quam
551 790 750 832 superiora
779 789 920 822 onmia.
980 786 1059 823 Sed
1087 800 1135 822 ex
1163 786 1236 822 hoc
1263 789 1432 832 primum

265 856 372 879 error
390 842 591 878 tollendus
621 847 694 886 est,
715 855 765 877 ne
796 844 881 886 quis
910 844 1021 886 sequi
1051 844 1252 878 existimet
1280 846 1326 877 ut
1355 841 1433 877 duo

264 901 343 934 sint
364 897 502 933 ultima
522 898 723 935 bonorum.
788 897 843 933 Ut
863 899 968 932 enim
989 899 1020 932 si
1041 899 1103 932 cui
1122 899 1367 942 propositum
1383 899 1433 933 sit

265 953 475 988 collineare
514 952 667 987 hastam
705 952 836 996 aliquo
870 956 939 987 aut
971 954 1171 996 sagittam,
1205 944 1325 988 sicut¹
1363 964 1433 988 nos

264 1008 448 1043 ultimum
469 1010 508 1042 in
530 1008 641 1042 bonis
661 1006 840 1051 dicimus,
861 1009 915 1042 sic
942 1005 998 1041 illi
1025 1006 1155 1042 facere
1182 1009 1313 1042 omnia
1333 1019 1433 1051 quae

265 1065 387 1108 possit
420 1067 466 1098 ut
499 1062 706 1097 colliueet:
746 1061 837 1097 huic
871 1064 912 1097 in
947 1061 1139 1097 eiusmodi
1173 1061 1433 1097 similitudine

264 1120 395 1153 onmia
415 1119 494 1153 sint
515 1116 696 1152 facienda
716 1121 762 1152 ut
782 1116 982 1160 collineet,
1005 1121 1046 1152 et
1066 1121 1215 1161 tamen,
1237 1121 1281 1152 ut
1301 1118 1432 1152 omnia

265 1173 381 1208 faciat
402 1185 479 1217 quo
499 1174 744 1216 propositum
763 1176 1006 1216 assequatur,
1022 1164 1096 1207 sit2
1116 1171 1191 1207 hoc
1211 1174 1321 1216 quasi
1340 1171 1433 1207 ulti-

264 1241 372 1263 mum
393 1226 507 1272 quale
524 1240 594 1262 nos
611 1240 808 1262 summum
823 1229 863 1262 in
880 1229 960 1262 vita
976 1227 1122 1262 bonum
1139 1225 1318 1271 dicimus,
1334 1225 1432 1262 illud

263 1287 399 1318 autem
419 1287 463 1317 ut
484 1281 613 1325 feriat,
634 1284 743 1326 quasi
764 1281 1027 1326 seligendum,
1046 1294 1127 1317 non
1148 1281 1429 1326 expetendum.

320 1336 409 1372 VII.
435 1327 568 1372 “Cum
581 1341 714 1372 autem
729 1339 859 1372 onmia
876 1336 998 1372 officia
1014 1349 1035 1371 a
1051 1339 1252 1381 principiis
1268 1341 1432 1372 naturae

266 1392 573 1437 proficiscantur,
595 1391 643 1427 ab
664 1391 804 1427 iisdem
830 1404 993 1427 necesse
1015 1396 1075 1427 est
1095 1391 1286 1436 proficisci
1307 1394 1431 1436 ipsam

265 1450 508 1492 sapientiam.
562 1446 641 1483 Sed
662 1445 995 1491 quemadmodum
1023 1459 1139 1491 saepe
1167 1446 1211 1482 fit
1237 1451 1282 1482 ut
1308 1449 1339 1482 is
1366 1449 1431 1491 qui

265 1501 564 1538 commendatus
595 1504 645 1537 sit
671 1501 786 1536 alicui
819 1501 939 1546 pluris
968 1514 1058 1537 eum
1088 1501 1206 1537 faciat
1233 1504 1295 1537 cui
1327 1514 1430 1536 com-

263 1557 474 1593 mendatus
502 1570 618 1601 quam
646 1556 756 1592 illum
784 1569 805 1591 a
835 1569 912 1601 quo
936 1559 998 1600 sit,
1020 1559 1074 1591 sic
1100 1558 1262 1591 minime
1289 1558 1431 1591 mirum

310 1622 422 1653 ¹sicut
446 1623 565 1659 MSS.;
582 1623 634 1653 si(-
651 1623 760 1660 Mdv„
785 1623 1000 1662 bracketing
1015 1623 1066 1653 sic
1082 1623 1358 1653 z'lli—-collineets
1375 1623 1432 1652 the

267 1672 433 1697 sentence
461 1676 500 1696 so
529 1666 698 1696 emended
726 1677 807 1706 may
832 1666 874 1695 be
902 1666 1073 1696 rendered
1100 1666 1208 1696 “For
1231 1676 1385 1706 suppose
1411 1676 1432 1696 a

268 1720 348 1739 man
368 1719 457 1738 were
475 1714 510 1739 to
527 1716 577 1739 sel
598 1710 741 1739 himself
759 1714 795 1739 to
812 1710 896 1740 take
913 1715 990 1740 true
1006 1710 1075 1739 aim
1093 1714 1130 1739 at
1147 1720 1169 1740 a
1186 1710 1286 1739 mark
1306 1709 1386 1739 with
1411 1719 1432 1739 a

267 1763 374 1791 spcar
389 1762 429 1781 or
452 1763 497 1781 an
521 1763 646 1789 ari-ow,
668 1754 736 1782 this
761 1763 912 1793 purpose
937 1753 1052 1783 would
1075 1752 1291 1792 correspond
1315 1757 1351 1782 to
1375 1753 1433 1782 the

269 1796 438 1826 Ultimate
455 1795 557 1825 Good
575 1806 616 1825 as
635 1806 686 1826 we
703 1796 817 1826 define
835 1797 870 1825 it.
912 1795 988 1826 The
1005 1796 1131 1826 archer
1146 1795 1179 1825 in
1196 1795 1266 1825 this
1283 1795 1433 1825 illustra-

266 1839 337 1868 tiou
358 1838 471 1867 would
489 1839 578 1867 have
596 1844 632 1868 to
649 1839 693 1868 do
710 1840 755 1868 all
774 1839 815 1869 he
833 1839 935 1869 could
952 1844 988 1869 to
1004 1839 1073 1869 aim
1092 1838 1260 1878 straight,
1279 1838 1350 1868 and
1373 1844 1433 1878 yet

266 1882 289 1911 it
309 1882 336 1911 is
354 1881 423 1910 this
439 1881 551 1920 doing·
567 1882 612 1911 all
631 1882 672 1911 he
690 1882 791 1911 could
810 1887 846 1912 to
862 1881 977 1912 attain
992 1882 1045 1912 his
1062 1891 1215 1922 purpose
1229 1881 1306 1911 that
1320 1881 1433 1911 would

265 1924 456 1955 constitute
481 1924 534 1953 his
561 1923 730 1954 Ultimate
757 1924 845 1959 End,
872 1935 913 1955 as
937 1935 990 1955 we
1013 1926 1080 1955 call
1104 1925 1141 1961 it,
1167 1924 1374 1963 answering
1398 1928 1433 1954 to

265 1968 323 1997 the
347 1966 455 1997 Chief
474 1966 590 2001 Good,
615 1977 657 1997 as
681 1967 821 1997 defined
843 1967 889 2007 by
906 1977 958 2004 us,
985 1968 1017 1998 in
1043 1968 1102 1998 the
1125 1968 1275 1997 conduct
1298 1967 1336 1997 of
1355 1966 1432 2003 life3

264 2011 323 2040 the
347 2011 464 2040 actual
489 2010 621 2049 hitling
643 2009 683 2040 of
709 2011 767 2040 the
791 2011 893 2040 mark
918 2010 1033 2040 would
1058 2010 1112 2045 be,
1139 2010 1172 2040 in
1196 2020 1259 2040 our
1289 2011 1431 2050 phrase,

268 2054 324 2083 ‘to
342 2053 383 2083 be
401 2053 558 2089 chosen‚'
576 2057 636 2083 not
656 2055 712 2083 ‘to
730 2053 771 2083 be
790 2053 987 2083 desired.’'’
1066 2052 1137 2084 ²sit
1151 2053 1314 2089 edd.;sic
1328 2052 1430 2083 MSS.

373 2107 450 2138 240
