1574 2364
199 220 248 259 65

207 1355 258 1393 66

586 139 781 176 CICERO
813 139 887 176 DE
918 139 1137 178 FINIBUS

280 220 529 267 voluptatum
550 221 725 255 omnium
746 222 947 256 varietate.
996 219 1116 256 Hunc
1132 233 1198 257 vos
1211 220 1443 266 beatum,—

281 294 381 329 ratio
417 290 577 336 quidem
613 295 742 326 vestra
777 293 830 326 sic
865 293 990 335 cogit3
1019 295 1061 327 at
1095 304 1170 335 ego
1201 304 1320 336 quem
1353 291 1444 328 huic

283 368 525 408 anteponam
560 374 640 396 non
675 361 802 397 audeo
836 361 994 404 dicere3
1028 361 1135 398 dicet
1166 375 1236 407 pro
1267 375 1331 398 me
1363 365 1446 407 ipsa

283 436 420 477 virtus,
443 446 517 469 nec
545 432 745 468 dubitabit
772 434 837 468 isti
864 436 995 468 vestro
1021 432 1138 468 beato
1166 432 1220 468 M.
1250 432 1446 477 Regulum

286 509 545 549 anteponere,
567 516 686 549 quem
707 502 882 548 quidem,
904 515 992 539 cum
1014 516 1081 539 sua
1101 503 1319 548 voluntate,
1339 503 1448 540 nulla

283 578 320 611 vi
357 579 515 611 coactus
550 578 708 619 praeter
742 573 861 609 fidem
895 586 1012 618 quam
1046 573 1212 610 dederat
1245 573 1362 619 hosti,
1398 586 1446 610 ex

282 649 409 692 patria
449 645 731 689 Carthaginem
769 647 1010 689 revertisset,
1050 649 1136 681 tum
1177 647 1318 690 ipsum,
1357 658 1447 681 cum

283 717 425 762 vigiliis
447 721 487 752 et
508 715 613 752 fame
635 718 888 759 cruciaretur,
911 715 1054 751 clamat
1080 718 1203 751 virtus
1230 715 1447 752 beatiorem

283 788 403 824 fuisse
421 800 538 832 quam
555 791 764 831 potantem
780 789 821 821 in
837 798 922 822 rosa
938 785 1137 822 Thorium.
1181 785 1291 822 Bella
1306 799 1450 831 magna

284 863 476 904 gesserat,
498 858 557 894 bis
586 856 721 893 consul
749 856 893 901 fuerat,
913 856 1188 902 triumpharat,
1213 870 1287 893 nec
1314 862 1449 893 tamen

288 943 355 966 sua
376 929 442 964 illa
470 931 669 973 superiora
697 933 779 964 tam
808 941 951 973 magna
980 940 1110 972 neque
1139 933 1221 964 tam
1251 928 1449 973 praeclara

287 1000 459 1036 ducebat
479 1011 597 1043 quam
625 997 735 1033 illum
766 997 950 1033 ultimum
980 1010 1112 1033 casum
1141 1010 1259 1042 quem
1289 1002 1448 1043 propter

289 1071 407 1107 fidem
429 1072 771 1113 constantiamque
793 1073 1043 1113 susceperat;
1073 1071 1139 1113 qui
1159 1068 1271 1105 nobis
1291 1072 1448 1105 misera-

285 1142 373 1178 bilis
402 1140 559 1176 videtur
585 1139 851 1184 audientibus,
876 1139 931 1174 illi
959 1142 1201 1184 perpetienti
1228 1145 1312 1176 erat
1341 1140 1448 1177 volu-

287 1215 447 1258 ptarius.
509 1210 599 1246 Non
627 1213 733 1246 enim
762 1210 961 1246 hilaritate
985 1223 1059 1246 nec
1091 1210 1247 1246 lascivia
1272 1223 1346 1247 nec
1370 1214 1447 1247 risu

285 1288 353 1320 aut
374 1286 471 1326 ioco,
492 1284 636 1317 comite
665 1280 849 1324 levitatis,
870 1273 1009 1326 lsaepe
1031 1284 1151 1317 etiam
1173 1284 1305 1318 tristes
1333 1281 1449 1318 firmi-

290 1360 374 1391 tate
410 1358 451 1389 et
486 1354 708 1388 constantia
744 1356 835 1388 sunt
871 1352 987 1388 beati.
1048 1352 1235 1397 Stuprata
1269 1365 1340 1398 per
1372 1356 1448 1389 vim

287 1426 472 1462 Lucretia
493 1437 515 1459 a
535 1426 639 1468 regis
662 1423 739 1459 filio
759 1427 905 1459 testata
927 1426 1030 1459 cives
1058 1436 1099 1459 se
1123 1426 1206 1468 ipsa
1233 1426 1446 1460 interemit.

289 1498 368 1533 Hic
385 1495 497 1532 dolor
512 1494 647 1540 populi
666 1494 830 1530 Romani
847 1493 946 1530 duce
965 1499 1006 1530 et
1021 1499 1180 1530 auctore
1198 1494 1320 1531 Bruto
1336 1508 1450 1532 causa

287 1569 437 1604 civitati
458 1565 655 1602 libertatis
677 1564 765 1609 fuit,
783 1564 832 1600 ob
850 1567 1011 1609 eiusque
1028 1564 1203 1601 mulieris
1219 1568 1449 1602 memoriam

286 1641 413 1684 primo
434 1649 537 1672 anno
568 1640 610 1672 et
639 1638 696 1671 vir
725 1640 767 1672 et
796 1640 909 1680 pater
939 1638 1023 1671 eius
1053 1635 1188 1671 consul
1219 1640 1279 1672 est
1308 1635 1445 1672 factus.

285 1704 433 1740 Tenuis
455 1702 496 1737 L.
522 1701 732 1746 Verginius
753 1713 934 1746 unusque
962 1700 1012 1737 de
1039 1700 1174 1737 multis
1202 1705 1448 1746 sexagesimo

285 1781 388 1806 anno
413 1772 502 1813 post
529 1767 757 1803 libertatem
785 1771 986 1811 receptam
1013 1768 1207 1810 virginem
1235 1766 1353 1802 filiam
1380 1779 1449 1803 sua

286 1848 404 1872 manu
425 1833 569 1870 occidit
590 1836 720 1878 potius
742 1845 859 1877 quam
880 1844 926 1868 ea
947 1832 1020 1877 Ap.
1043 1831 1180 1869 Claudi
1196 1832 1366 1879 libidini,
1383 1836 1449 1878 qui

287 1906 372 1937 tum
389 1904 473 1937 erat
492 1911 643 1936 summo
663 1901 703 1934 in
717 1899 732 1922 2
752 1901 928 1947 imperio,
948 1897 1173 1937 dederetur.

466 1979 481 2001 Ἰ
496 1982 622 2013 Before
639 1984 738 2021 saepe
755 1982 818 2012 inf.
836 1982 934 2012 MSS.
953 1981 1064 2012 insert
1079 1982 1146 2013 sed.

471 2025 484 2043 2
497 2026 533 2056 in
549 2025 637 2056 with
653 2033 719 2055 one
736 2024 809 2055 MS.
827 2024 982 2061 Martha,
999 2033 1069 2055 om.
1087 2025 1170 2056 celt.

395 2069 467 2107 154
