1574 2364
577 142 772 179 CICERO
803 134 877 178 DE
907 142 1126 181 FINIBUS

277 224 594 258 aestimationem
615 224 741 267 spatio
756 221 931 266 iudicari,
948 225 1103 260 virtutis
1120 227 1416 269 opportunitate
1433 236 1442 268 ;

278 298 323 329 ut
343 292 552 329 videantur
572 295 638 337 qui
659 292 757 329 illud
778 292 912 329 dicant
932 293 1053 330 iidem
1076 294 1151 330 hoc
1176 308 1260 331 esse
1286 295 1441 340 dicturi,

277 365 420 400 bonam
440 369 610 400 mortem
631 368 672 400 et
692 364 840 400 bonum
866 369 1023 409 partum
1049 365 1254 402 meliorem
1280 366 1442 411 longum

277 448 362 472 esse
383 448 500 480 quam
521 435 691 471 brevem.
752 435 843 471 Non
864 435 1003 472 vident
1021 436 1097 472 alia
1112 437 1306 473 brevitate
1323 437 1444 483 pluris

199 512 246 543 48
278 509 488 551 aestimari,
519 506 594 542 alia
632 506 906 543 diuturnitate.
955 507 1094 552 Itaque
1133 513 1443 544 consentaneum

278 583 338 614 est
373 578 432 613 his
463 590 563 623 quae
598 577 704 614 dicta
738 582 830 614 sunt
864 581 1015 614 ratione
1047 578 1203 615 illorum
1234 582 1300 625 qui
1333 579 1441 615 illum

278 650 468 685 bonorum
500 649 618 685 finem
650 649 755 694 quod
789 649 1033 694 appellamus
1068 655 1302 695 extremum,
1338 651 1441 696 quod

277 721 474 765 ultimum,
496 733 671 756 crescere
693 725 838 765 putent
862 733 988 766 posse,
1009 721 1148 757 iisdem
1176 721 1330 767 placere
1358 734 1443 758 esse

276 792 396 828 alium
416 792 491 828 alio
512 794 632 828 etiam
659 794 951 837 sapientiorem,
972 795 1148 837 itemque
1174 793 1294 829 alium
1321 796 1444 838 magis

276 863 352 900 alio
383 863 445 899 vel
476 875 640 909 peecare
672 863 733 899 vel
766 868 874 899 reete
906 862 1049 908 facere,
1085 864 1190 908 quod
1222 865 1333 901 nobis
1365 877 1443 900 non

277 935 371 971 licet
387 935 520 970 dicere
537 937 602 979 qui
620 947 795 970 crescere
813 935 1005 970 bonorum
1022 935 1140 971 finem
1153 948 1231 971 non
1247 940 1439 981 putamus.

280 1007 335 1043 Ut
357 1008 461 1042 enim
484 1008 549 1051 qui
572 1005 741 1041 demersi
763 1011 855 1041 sunt
871 1008 910 1041 in
927 1019 1027 1051 aqna
1043 1006 1167 1042 nihilo
1184 1009 1307 1051 magis
1323 1010 1443 1052 respi-

276 1090 360 1113 rare
382 1081 546 1122 possunt
575 1079 607 1112 si
636 1089 715 1112 non
744 1076 863 1121 longe
893 1077 1038 1113 absunt
1066 1090 1088 1113 a
1118 1089 1282 1122 summo,
1304 1080 1445 1114 utiam

278 1152 433 1193 iamque
454 1150 605 1193 possint
626 1161 845 1193 emergere,
866 1161 982 1192 quam
1004 1151 1034 1184 si
1056 1151 1175 1184 etiam
1202 1154 1287 1185 tum
1313 1154 1446 1185 essent

278 1223 317 1256 in
338 1219 547 1265 profundo,
564 1231 638 1255 nec
659 1219 812 1255 catulus
833 1219 899 1255 ille
921 1222 986 1264 qui
1003 1222 1079 1255 iam
1095 1222 1384 1265 appropinquat
1400 1225 1444 1256 ut

278 1291 410 1327 videat
430 1290 517 1336 plus
538 1293 666 1326 cernit
686 1303 803 1335 quam
824 1293 854 1326 is
876 1292 942 1335 qui
966 1291 1083 1327 modo
1110 1296 1171 1327 est
1197 1296 1325 1336 natus,
1346 1294 1443 1327 item

277 1365 344 1408 qui
365 1364 554 1408 processit
580 1361 827 1406 aliquantum
854 1361 903 1397 ad
930 1364 1087 1398 virtutis
1114 1362 1293 1398 habitum
1320 1362 1444 1398 nihilo

277 1437 406 1470 minus
428 1436 467 1469 in
489 1435 644 1468 miseria
665 1437 725 1468 est
746 1445 862 1477 quam
884 1432 950 1469 ille
972 1436 1037 1478 qui
1058 1433 1156 1469 nihil
1177 1437 1376 1479 processit.

333 1504 416 1540 XV.
449 1495 602 1540 “Haec
629 1503 822 1539 mirabilia
854 1503 977 1540 videri
1009 1504 1224 1550 intellego3
1255 1504 1324 1541 sed
1356 1518 1445 1541 cum

277 1581 387 1612 certe
419 1578 619 1620 superiora
651 1575 760 1611 firma
797 1588 842 1611 ac
882 1588 972 1611 vera
1006 1578 1098 1620 sint,
1128 1575 1188 1612 his
1226 1580 1360 1612 autem
1398 1589 1444 1612 ea

279 1652 546 1684 consentanea
574 1651 615 1683 et
643 1649 937 1691 consequentia,
965 1659 1016 1683 ne
1043 1647 1093 1683 de
1120 1646 1260 1683 horum
1284 1647 1444 1692 quidem

282 1723 342 1755 est
377 1720 545 1754 veritate
577 1717 854 1753 dubitandum.
916 1717 995 1754 Sed
1027 1731 1263 1763 quamquam
1295 1723 1445 1763 negant

279 1803 353 1826 nee
384 1791 551 1825 virtutes
585 1801 659 1825 nee
698 1791 792 1825 vitia
830 1801 1019 1833 creseere,
1059 1794 1193 1824 tamen
1232 1793 1444 1833 utrumqne

280 1874 415 1898 eorum
440 1859 553 1896 fundi
578 1859 747 1904 quodam
772 1859 889 1895 modo
915 1864 955 1896 et
980 1862 1089 1904 quasi
1110 1859 1265 1895 dilatari
1288 1865 1441 1905 putant.

199 1937 249 1974 49
282 1933 448 1968 Divitias
469 1936 602 1967 autem
626 1930 827 1975 Diogenes
848 1935 985 1967 censet
1006 1943 1084 1966 non
1110 1944 1196 1967 eam
1223 1930 1340 1966 modo
1368 1933 1444 1966 vim

325 2032 406 2062 ai.e.
428 2032 527 2072 They
541 2041 622 2071 may
635 2030 676 2060 be
694 2029 875 2060 exercised
893 2040 936 2060 on
954 2041 974 2060 a
993 2031 1112 2070 lat-ger
1125 2041 1164 2060 or
1181 2031 1324 2061 smaller
1337 2031 1442 2060 scale.

392 2080 469 2117 ι266
