1533 2349
565 92 761 131 CICERO
793 92 868 131 DE
898 93 1116 134 FINIBUS

177 178 222 211 10
254 173 332 211 Sed
354 176 436 210 iure
460 173 625 209 Mucius.
669 172 755 218 Ego
771 178 905 210 autem
924 176 1056 211 mirari
1074 178 1166 213 satis
1182 168 1285 213 non1
1304 190 1419 223 queo,

177 1392 216 1424 1]

254 244 359 282 unde
380 244 454 281 hoc
475 246 526 281 sit
546 249 629 280 tam
649 244 822 281 insolens
839 244 1141 284 domesticarum
1160 260 1292 285 rerum
1312 247 1417 285 fasti-

253 316 373 353 dium.
434 315 525 352 Non
555 320 617 352 est
643 318 804 352 omnino
833 315 897 352 hic
926 316 1096 354 docendi
1125 318 1247 364 locus,
1267 319 1337 356 sed
1365 321 1420 356 ita

252 390 381 424 sentio
403 391 443 424 et
463 400 581 433 saepe
602 386 781 432 disserui,
803 386 985 424 Latinam
1008 388 1184 434 linguam
1204 403 1284 426 non
1305 390 1422 427 modo

252 472 332 495 non
363 461 536 504 inopem,
566 462 613 495 ut
641 457 760 504 vulgo
789 463 990 505 putarent,
1020 459 1090 496 sed
1120 459 1421 506 locupletiorem

252 531 373 567 etiam
395 542 480 566 esse
501 542 618 575 quam
641 529 843 566 Graecam.
896 528 1066 576 Quando
1086 533 1193 567 enim
1212 532 1337 577 nobis,
1360 532 1420 568 vel

251 602 379 638 dicam
399 605 469 637 aut
489 601 706 637 oratoribus
727 601 839 638 bonis
859 605 928 638 aut
947 604 1087 648 poetis,
1103 607 1241 648 postea
1261 602 1422 649 quidem

251 685 370 718 quam
409 671 486 709 fuit
527 685 647 718 quem
689 674 954 718 imitarentur,
993 672 1096 710 ullus
1134 676 1320 710 orationis
1358 674 1421 710 vel

251 746 431 790 copiosae
452 742 514 780 vel
536 743 731 788 elegantis
751 748 912 780 ornatus
932 742 1085 781 defuit?

308 815 374 851 IV.
394 814 479 860 Ego
492 827 597 860 vero,
608 817 793 860 quoniam
802 807 816 830 ²
829 814 1049 852 forensibus
1063 818 1203 862 operis,
1212 815 1423 862 laboribus,

251 885 435 933 periculis
465 899 545 922 non
575 885 795 922 deseruisse
825 885 923 922 mihi
950 886 1085 923 videor
1113 886 1352 932 praesidium
1382 890 1422 924 in

252 970 330 1004 quo
355 969 378 993 a
404 956 550 1003 populo
580 956 755 992 Romano
782 956 932 993 locatus
959 969 1058 1002 sum,
1079 957 1207 994 debeo
1233 957 1424 1004 profecto,

252 1033 617 1075 quantumcumque
638 1040 810 1073 possum,
830 1030 871 1063 in
898 1040 945 1064 eo
972 1041 1128 1074 quoque
1159 1028 1358 1066 elaborare
1379 1035 1424 1067 ut

252 1103 332 1137 sint
362 1112 494 1145 opera,
520 1098 663 1143 studio,
691 1098 825 1135 labore
854 1111 944 1135 meo
973 1098 1168 1136 doctiores
1198 1103 1302 1137 cives
1330 1104 1422 1146 mei,

253 1184 327 1208 nec
347 1183 437 1207 cum
457 1173 541 1206 istis
562 1174 676 1206 tanto
695 1182 815 1215 opere
836 1183 1012 1215 pugnare
1030 1173 1096 1216 qui
1118 1170 1270 1207 Graeca
1288 1171 1423 1216 legere

254 1242 408 1287 malint,
443 1241 562 1278 modo
596 1241 735 1286 legant
767 1240 834 1277 illa
868 1244 964 1287 ipsa,
995 1253 1047 1278 ne
1078 1241 1280 1288 simulent,
1312 1247 1354 1279 et
1379 1246 1425 1279 iis

254 1316 398 1351 servire
420 1315 485 1359 qui
507 1311 569 1349 vel
590 1315 768 1358 utrisque
792 1312 937 1349 litteris
963 1315 1022 1349 uti
1043 1312 1168 1350 velint
1189 1312 1264 1359 vel,
1285 1315 1317 1350 si
1337 1326 1424 1351 suas

255 1386 419 1430 habent,
460 1384 545 1421 illas
583 1396 664 1420 non
702 1396 848 1429 magno
886 1396 1006 1430 opere
1047 1383 1287 1421 desiderent.
1348 1383 1425 1430 Qui

254 1462 388 1493 autem
408 1455 483 1492 alia
503 1454 658 1492 malunt
681 1455 798 1491 scribi
823 1468 847 1491 a
872 1455 997 1500 nobis,
1018 1458 1133 1500 aequi
1155 1468 1239 1492 esse
1260 1455 1424 1501 debent,

255 1527 361 1575 quod
392 1532 434 1564 et
464 1529 610 1573 scripta
642 1526 768 1563 multa
799 1531 905 1572 sunt,
928 1529 983 1563 sic
1011 1531 1058 1563 ut
1084 1526 1197 1572 plura
1224 1530 1374 1564 nemini
1402 1540 1423 1564 e

254 1602 411 1644 nostris,
432 1603 473 1635 et
492 1599 715 1635 scribentur
735 1597 900 1635 fortasse
927 1597 1039 1643 plura
1062 1600 1094 1634 si
1113 1600 1194 1634 vita
1217 1603 1425 1644 suppetet;

255 1676 297 1709 et
326 1676 460 1707 tamen
493 1672 559 1714 qui
594 1669 811 1714 diligenter
839 1668 937 1706 haec
967 1682 1067 1715 quae
1098 1668 1148 1706 de
1178 1668 1424 1714 philosophia

254 1743 398 1779 litteris
425 1740 656 1777 mandamus
686 1740 821 1785 legere
848 1743 1077 1786 assueverit,
1101 1740 1291 1776 iudicabit
1317 1740 1425 1777 nullu

254 1814 303 1850 ad
336 1812 554 1858 legendum
588 1811 648 1847 his
683 1824 767 1848 esse
803 1815 964 1857 potiora.
1025 1811 1132 1857 Quid
1162 1816 1224 1848 est
1253 1814 1357 1847 enim
1385 1815 1425 1848 in

303 1894 315 1913 1
341 1892 464 1925 mirari
481 1892 567 1924 satis
586 1902 650 1923 non
664 1892 762 1924 Mdv.
778 1891 876 1934 (satis
889 1890 1011 1922 mirari
1024 1899 1089 1922 non
1103 1890 1194 1932 Or.);
1215 1889 1413 1922 mirarinon

262 1937 361 1968 MSS.

306 1980 319 1999 ²
341 1978 505 2022 quoniam
535 1978 647 2015 Mdv.,
680 1987 756 2009 cum
784 1977 895 2014 MSS„
930 1977 1020 2009 Reid
1055 1977 1097 2018 (c.
1129 1975 1235 2007 indic.
1268 1975 1415 2017 slightly

261 2022 482 2063 archaistic).

370 2067 416 2104 12
