1615 2359
216 657 237 690 (π

244 657 265 689 10

598 106 794 144 CICERO
825 105 900 143 DE
930 104 1150 158 FINlBUS

290 185 490 223 molestias
519 187 691 222 accessio
719 190 854 231 potest
882 185 980 232 fieri,
1001 190 1149 232 quanta
1177 186 1227 224 ad
1256 188 1456 234 augendas

293 265 382 290 eum
403 253 645 289 conscientia
664 250 860 288 factorum
878 256 965 289 tum
985 265 1114 298 poena
1132 252 1270 298 legum
1290 253 1458 300 odioque

292 318 459 356 civium?
518 317 571 355 Et
600 322 737 354 tamen
765 320 806 354 in
836 317 1072 363 quibusdam
1100 331 1232 365 neque
1266 323 1458 366 pecuniae

292 385 432 422 modus
453 389 514 421 est
534 397 665 430 neque
685 384 844 421 honoris
859 397 990 430 neque
1004 387 1145 431 imperi
1160 399 1234 423 nec
1250 386 1460 423 libidinum

292 464 367 489 nec
384 450 588 497 epularum
603 463 677 487 nec
693 450 933 496 reliquarum
950 451 1226 497 cupiditatum,
1243 465 1337 498 quas
1353 453 1462 489 nulla

293 517 440 565 praeda
459 530 647 563 umquam
667 517 845 562 improbe
865 522 978 563 parta
998 520 1154 563 minuit,
1171 517 1462 564 potiusquelin-

294 584 480 630 flammat,
507 588 553 620 ut
582 583 791 620 coercendi
820 585 945 629 magis
975 597 1093 630 quam
1123 584 1347 621 dedocendi
1377 598 1461 622 esse

295 651 514 688 videantur.
576 649 727 686 Invitat
750 652 872 695 igitur
897 663 989 686 vera
1015 653 1115 687 ratio
1143 651 1245 688 bene
1273 664 1385 689 sanos
1413 652 1462 689 ad

296 720 500 762 iustitiam,
520 719 777 762 aequitatem,
799 716 935 755 fidem.
989 717 1131 763 Neque
1151 717 1302 754 homini
1322 718 1465 756 infanti

297 790 366 822 aut
385 786 597 831 impotenti
617 786 762 820 iniuste
783 783 887 820 facta
907 783 1148 830 conducunt,
1169 787 1236 830 qui
1255 798 1330 821 nec
1350 785 1464 823 facile

298 853 452 890 efficere
472 853 596 897 possit
616 850 721 896 quod
742 855 907 886 conetur
927 862 1001 886 nec
1022 851 1203 888 obtinere
1224 854 1255 888 si
1276 851 1466 898 effecerit,

298 924 342 957 et
360 931 454 964 opes
474 917 537 954 vel
557 916 740 953 fortunae
757 916 819 952 vel
835 919 972 961 ingeni
987 916 1217 954 liberalitati
1233 921 1357 963 magis
1373 932 1465 955 eon-

298 988 477 1030 veniunt,
509 996 586 1029 qua
617 985 683 1028 qui
717 987 886 1019 utuntur
916 983 1238 1020 benevolentiam
1269 985 1342 1021 sibi
1373 998 1464 1021 con-

300 1052 436 1090 ciliant
456 1055 510 1095 et,
531 1049 636 1096 quod
656 1051 902 1095 aptissimum
924 1053 985 1086 est
1007 1048 1058 1085 ad
1082 1052 1217 1095 quiete
1238 1051 1464 1096 vivendum,

301 1122 527 1162 caritatem3
556 1118 790 1163 praesertim
822 1128 912 1152 cum
943 1118 1103 1153 omnino
1134 1116 1243 1153 nulla
1272 1120 1322 1154 sit
1351 1131 1466 1154 causa

301 1184 512 1233 peccandi:
543 1196 642 1229 quae
673 1185 780 1219 enim
809 1182 1048 1228 cupiditates
1086 1197 1109 1220 a
1142 1189 1282 1220 natura
1315 1185 1468 1231 profici-

303 1256 478 1296 scuntur‚
492 1250 608 1286 facile
623 1249 835 1295 explentur
850 1251 934 1286 sine
950 1249 1030 1286 ulla
1045 1252 1206 1294 iniuria3
1223 1264 1322 1296 quae
1335 1257 1468 1289 autem

303 1324 439 1356 inanes
467 1321 573 1362 sunt,
594 1318 640 1353 iis
669 1315 889 1362 parendum
918 1328 998 1352 non
1030 1321 1104 1362 est,
1133 1317 1233 1353 nihil
1265 1321 1371 1354 enim
1402 1318 1468 1355 (le-

304 1384 514 1424 siderabile
531 1385 836 1428 concupiscunt;
852 1382 1019 1428 plusque
1034 1385 1073 1419 in
1090 1385 1173 1429 ipsa
1189 1386 1330 1421 iniuria
1346 1384 1468 1422 detri-

303 1454 430 1490 menti
443 1456 503 1489 est
516 1463 634 1496 quam
645 1452 686 1486 in
699 1452 744 1486 iis
757 1449 873 1486 rebus
887 1449 1145 1487 emolumenti
1154 1463 1253 1495 quae
1262 1454 1468 1497 pariuntur

303 1522 453 1558 iniuria.
487 1518 628 1563 Itaque
644 1530 695 1554 ne
711 1519 903 1553 iustitiam
918 1516 1080 1562 quidem
1096 1521 1205 1554 recte
1221 1521 1306 1563 quis
1322 1518 1467 1556 dixerit

302 1600 373 1634 per
404 1598 446 1623 se
476 1587 601 1631 ipsam
633 1583 861 1629 optabilem,
892 1582 963 1620 sed
994 1585 1086 1629 quia
1115 1583 1372 1621 iucunditatis
1403 1586 1466 1622 vel

300 1654 515 1701 plui-imum
535 1650 682 1686 afferat.
743 1649 846 1686 Nam
866 1649 979 1694 diligi
1000 1654 1042 1686 et
1062 1662 1195 1686 carum
1219 1663 1304 1687 esse
1328 1653 1464 1687 iucun-

301 1717 397 1754 dum
413 1720 474 1752 est
488 1718 699 1760 propterea
715 1715 806 1758 quia
815 1715 1005 1749 tutiorem
1013 1715 1135 1749 vitam
1151 1717 1192 1750 et
1201 1711 1467 1759 voluptatumff

300 1779 518 1827 pleniorem
549 1776 678 1813 efficit.
738 1775 879 1821 Itaque
908 1788 989 1812 non
1015 1775 1065 1812 ob
1090 1788 1136 1812 ea
1164 1775 1290 1812 solum
1317 1779 1464 1814 incom-

299 1842 417 1880 moda
437 1853 536 1887 quae
557 1841 747 1876 eveniunt
768 1839 956 1884 improbis
981 1838 1213 1884 fugiendam
1236 1840 1465 1885 improbita-

298 1911 384 1943 tem
402 1908 600 1951 putamus,
621 1901 691 1938 sed
711 1901 837 1938 multo
858 1904 978 1938 etiam
1001 1903 1126 1947 magis
1149 1901 1268 1947 quod,
1290 1905 1398 1940 cuius
1422 1905 1462 1940 in

336 1975 348 1994 1
371 1975 552 2018 potiusque
577 1975 697 2011 Mdv.;
722 1974 849 2015 potius,
874 1974 991 2014 potius
1010 1977 1106 2015 atque
1124 1973 1222 2004 MSS.
1252 1972 1458 2013 (inflammat

292 2017 408 2059 potius
425 2017 597 2058 Martha).

337 2060 351 2080 2
374 2060 587 2142 vcggptatum
604 2058 750 2098 Miiller3
777 2059 981 2100 voluptatem
999 2057 1096 2089 Mdv.
1115 2057 1204 2089 with
1221 2056 1319 2088 MSS.
