1574 2364
178 537 226 577 63

180 1084 229 1128 69

558 184 753 222 CICERO
784 184 858 222 DE
889 184 1107 224 FINIBUS

256 268 315 302 ius
334 264 617 309 intercederet,
638 266 705 309 qui
725 263 766 300 id
787 270 1038 302 conservaret
1061 278 1152 302 eum
1176 267 1336 311 iustum,
1357 268 1422 312 qui

255 323 446 366 migraret
465 322 656 356 iniustum
683 318 777 355 fore.
839 319 918 357 Sed
943 320 1291 366 quemadmodum,
1312 321 1420 357 thea-

257 382 363 412 trum
383 387 472 411 cum
493 387 701 410 commune
722 377 785 419 sit,
805 380 914 411 recte
934 379 1069 411 tamen
1090 375 1166 412 dici
1187 380 1321 421 potest
1341 379 1423 413 eius

258 443 343 466 esse
364 442 454 465 eum
474 428 604 465 iocum
625 442 742 474 quem
763 432 928 474 quisque
949 433 1161 475 occuparit,
1183 433 1237 467 sic
1261 433 1301 466 in
1326 431 1422 467 urbe

258 484 455 520 mundove
485 486 683 519 communi
717 497 795 519 non
830 484 1059 520 adversatur
1092 487 1151 521 ius
1185 498 1261 530 quo
1295 488 1424 522 minus

259 553 371 576 suum
392 538 565 584 quidque
587 541 774 583 cuiusque
796 540 856 574 sit.
917 539 1014 575 Cum
1035 544 1169 576 autem
1189 540 1238 576 ad
1254 540 1424 577 tuendos

258 593 624 638 conservandosque
652 593 831 629 homines
861 593 1062 630 hominem
1092 600 1229 630 natum
1258 608 1341 631 esse
1368 598 1423 631 vi-

258 649 433 693 deamus,
453 653 764 685 consentaneum
794 653 855 684 est
884 648 974 684 huic
1003 654 1166 685 naturae
1196 654 1241 686 ut
1270 652 1424 695 sapiens

259 703 355 740 velit
377 716 518 748 gerere
543 708 585 739 et
605 702 879 739 administrare
900 716 984 739 rem
1004 703 1201 749 publicam
1225 709 1357 749 atque,
1380 709 1424 741 ut

259 771 280 795 e
315 763 455 795 natura
489 760 606 802 vivat,
637 771 801 794 uxorem
835 757 1052 803 adiungere
1084 763 1126 795 et
1160 758 1261 795 velle
1296 772 1345 796 ex
1378 772 1424 795 ea

258 813 411 850 liberos.
455 813 515 849 Ne
531 826 683 849 amores
699 812 859 857 quidem
875 818 1030 849 sanctos
1045 826 1067 848 a
1083 816 1261 859 sapiente
1276 814 1424 850 alienos

259 881 343 904 esse
364 868 613 904 arbitrantur.
675 867 908 912 Cynicorum
930 873 1063 904 autern
1087 871 1281 904 rationem
1304 874 1424 913 atque

260 926 380 959 vitam
407 922 472 958 alii
502 922 642 959 cadere
672 925 712 958 in
743 925 962 967 sapientem
993 923 1144 968 dicunt,
1172 926 1202 959 si
1230 926 1295 968 qui
1324 927 1423 960 eius-

260 977 365 1013 modi
393 977 495 1013 forte
523 990 633 1013 casus
660 977 845 1013 inciderit
872 982 917 1013 ut
944 977 983 1014 id
1014 977 1239 1014 faciendum
1266 981 1328 1023 sit,
1361 978 1425 1014 alii

259 1032 368 1068 nullo
388 1031 514 1082 modo.

316 1087 422 1123 XXI.
457 1081 549 1123 “Ut
583 1099 675 1122 vero
710 1091 964 1123 conservetur
994 1084 1135 1124 omnis1
1152 1086 1300 1123 homini
1332 1100 1425 1133 erga

260 1141 460 1178 hominem
481 1144 660 1185 societas,
677 1144 915 1185 coniunctio,
931 1144 1084 1186 caritas,
1101 1147 1142 1178 et
1158 1142 1425 1178 emolumenta

260 1201 302 1232 et
315 1197 556 1232 detrimenta
566 1188 683 1241 (quae
695 1194 924 1241 ὠφελήματα
934 1201 974 1232 et
984 1195 1195 1241 βλάμματα
1203 1190 1424 1243 appellant)

261 1254 484 1287 communia
517 1264 602 1287 esse
636 1250 860 1295 voluerunt,
894 1264 1059 1296 quorum
1093 1251 1218 1288 altera
1245 1257 1423 1297 prosunt,

260 1310 408 1342 nocent
446 1305 589 1349 altera3
628 1318 758 1350 neque
798 1305 923 1341 solum
958 1319 1004 1342 ea
1037 1308 1259 1342 communia
1286 1319 1422 1343 verum

261 1363 381 1396 etiam
416 1362 522 1405 paria
555 1372 639 1396 esse
674 1360 870 1396 dixerunt.
932 1360 1186 1397 Incommoda
1216 1365 1350 1398 autem
1382 1366 1424 1398 et

261 1415 465 1451 commoda
492 1407 564 1458 (ita
591 1417 697 1451 enim
725 1413 1017 1460 εὗχρηστήματσ.
1037 1420 1079 1452 et
1099 1415 1423 1461 δυσ-χρηστήματα

260 1462 434 1515 appello)
462 1471 683 1506 communia
709 1482 794 1505 esse
821 1469 1043 1515 voluerunt,
1063 1472 1171 1515 paria
1193 1470 1417 1506 noluerunt.

263 1524 334 1560 Illa
359 1527 463 1561 enim
492 1537 591 1569 quae
619 1529 783 1569 prosunt
813 1529 882 1560 aut
913 1536 1012 1569 quae
1044 1529 1191 1561 nocent
1220 1530 1289 1561 aut
1319 1525 1422 1561 bona

261 1584 353 1615 sunt
373 1584 441 1615 aut
460 1579 574 1623 mala,
595 1591 695 1624 quae
716 1581 795 1615 sint
814 1581 922 1624 paria
937 1592 1099 1616 necesse
1116 1584 1196 1622 est3
1217 1579 1422 1616 commoda

260 1639 394 1669 autem
416 1638 457 1670 et
477 1633 725 1670 incommoda
749 1636 789 1669 in
814 1646 861 1670 eo
887 1646 1036 1678 genere
1064 1639 1157 1670 sunt
1183 1647 1283 1679 quae
1310 1647 1421 1679 prae-

259 1690 387 1733 posita
407 1693 449 1725 et
469 1691 616 1724 reiecta
637 1688 824 1731 dicimus3
845 1701 891 1724 ea
912 1693 1077 1733 possunt
1096 1691 1203 1734 paria
1222 1702 1301 1724 non
1323 1701 1417 1725 esse.

264 1742 343 1779 Sed
376 1735 673 1779 emolumenta'2
707 1744 930 1778 communia
965 1754 1050 1778 esse
1080 1741 1278 1786 dicuntur,
1307 1746 1416 1778 recte

308 1827 319 1845 ¹
337 1827 487 1858 hominis
508 1827 520 1858 ?
541 1826 643 1857 Reid.

307 1869 319 1888 ²
336 1869 440 1901 After
455 1870 679 1900 emolumenta
697 1867 895 1900 Lambinus
911 1867 1041 1900 inserts
1057 1869 1086 1899 et
1102 1867 1314 1899 detrimenta.

305 1962 320 1976 ὃ
335 1955 409 1986 The
425 1954 553 1995 Cynies
570 1957 647 1985 east
659 1954 709 1984 off
725 1954 786 1985 the
799 1954 867 1984 ties
883 1954 920 1984 of
936 1957 1090 1993 country
1103 1953 1175 1984 and
1189 1953 1326 1994 family,
1339 1952 1413 1984 and

264 1997 483 2038 proclaimed
513 1996 730 2028 themselves
760 1997 917 2026 Kosmou
943 1995 1085 2031 Politai,
1112 1996 1258 2027 citizens
1285 1995 1322 2026 of
1351 1995 1413 2026 the

266 2040 439 2072 Universe
461 2039 534 2071 and
561 2039 740 2070 members
761 2038 799 2069 of
821 2039 883 2069 the
907 2038 1088 2070 universal
1111 2037 1354 2070 brotherhood
1376 2037 1414 2069 of

269 2092 368 2114 man.

373 2122 448 2162 288
