1574 2364
589 184 786 221 CICERO
818 184 891 220 DE
922 184 1141 223 FINIBUS

280 268 389 302 cuius
410 264 477 301 illa
497 267 581 310 ipsa
602 266 722 300 sessio
749 263 826 300 fuit
853 276 971 309 quam
998 264 1187 301 videmus.
1249 265 1444 311 Equidem

280 324 401 358 etiam
421 322 569 356 curiam
589 324 764 355 nostram
785 311 1020 362 (Hostiliam
1041 319 1140 364 dico,
1158 333 1238 356 non
1258 320 1359 357 hanc
1375 335 1444 358 no-

279 389 379 421 vam,
401 387 502 421 quae
529 376 657 410 minor
684 373 780 410 mihi
809 387 894 410 esse
921 374 1079 410 videtur
1102 380 1361 421 posteaquam
1382 382 1442 414 est

278 422 418 474 maior)
449 429 624 467 solebam
652 431 813 465 intuens
844 429 1082 474 Scipionem,
1113 430 1318 475 Catonem,
1344 431 1441 468 Lae-

278 487 387 530 lium,
408 490 588 521 nostrum
616 496 709 520 vero
738 486 779 519 in
809 486 943 529 primis
971 497 1087 520 avum
1107 488 1301 530 cogitare;
1331 491 1441 523 tanta

278 544 334 577 vis
353 540 635 576 admonitionis
655 541 760 575 inest
780 542 819 574 in
842 538 956 583 locis;
985 544 1031 575 ut
1050 552 1129 575 non
1153 542 1237 576 sine
1259 553 1373 577 causa
1393 554 1440 577 ex

276 600 322 632 iis
342 598 554 632 memoriae
575 594 695 630 ducta
716 597 766 630 sit
787 593 1032 638 disciplina.’'

330 651 432 687 Tum
454 649 647 695 Quintus:
679 640 784 685 “Est
806 649 935 694 plane,
959 648 1059 694 Piso,
1080 654 1126 686 ut
1145 649 1279 694 dicis,’'
1299 653 1437 695 inquit.

276 697 298 713 “
311 706 412 742 Nam
438 718 501 741 me
528 708 656 749 ipsum
683 703 760 740 huc
787 703 904 739 modo
929 706 1159 740 venientem
1184 705 1442 742 convertebat

275 761 324 797 ad
355 774 440 797 sese
469 760 664 796 Coloneus
691 758 758 794 ille
788 758 909 804 locus,
934 761 1043 795 cuius
1071 759 1199 795 incola
1227 760 1442 805 Sophocles

275 817 325 852 ob
346 815 478 852 oculos
500 815 739 858 versabatur,
757 826 876 858 quem
896 816 970 850 scis
986 826 1103 858 quam
1123 813 1293 850 admirer
1306 827 1441 860 quam-

274 884 350 916 que
373 884 418 906 eo
439 870 627 906 delecter.
671 869 738 904 Me
760 868 920 913 quidem
941 868 990 904 ad
1011 869 1191 904 altiorem
1211 872 1441 906 memoriam

275 925 494 971 Oedipodis
524 925 600 960 huc
631 926 828 959 venientis
855 928 897 959 et.
923 923 991 959 illo
1017 923 1246 960 mollissimo
1267 927 1440 961 carmine

274 994 467 1026 quaenam
499 984 632 1015 essent
661 978 759 1014 haec
789 981 872 1023 ipsa
903 978 988 1014 loca
1019 981 1257 1023 requirentis
1288 982 1439 1024 species

273 1035 467 1081 quaedam
494 1036 720 1078 commovit,
745 1036 918 1070 inaniter
944 1033 1107 1079 scilicet,
1129 1033 1199 1070 sed
1227 1037 1438 1071 commovit

273 1089 447 1127 tamen.''

327 1146 428 1182 Tum
452 1144 709 1189 Pomponius:
730 1133 822 1179 “At
843 1155 930 1187 egO,
952 1155 1070 1188 quem
1098 1156 1164 1179 vos
1191 1149 1236 1180 ut
1257 1143 1438 1180 deditum

275 1202 444 1246 Epicuro
464 1202 647 1235 insectari
671 1198 818 1242 soletis,
840 1211 925 1234 sum
946 1198 1117 1234 multum
1141 1198 1326 1243 equidem
1348 1212 1436 1235 cum

277 1255 468 1298 Phaedro,
501 1267 619 1299 quem
652 1256 767 1289 unice
799 1252 935 1298 diligo,
967 1258 1012 1289 ut
1050 1256 1170 1298 scitis,
1202 1257 1242 1289 in
1278 1253 1436 1300 Epicuri

274 1311 410 1354 hortis,
438 1322 534 1354 quos
566 1308 683 1344 modo
716 1308 1041 1354 praeteribamus,
1068 1308 1138 1345 sed
1173 1311 1317 1345 veteris
1348 1322 1435 1354 pro-

274 1366 381 1402 verbi
402 1364 608 1400 admonitu
630 1354 825 1399 ‘vivorum
846 1363 1051 1406 memini'3
1080 1376 1154 1399 nec
1181 1368 1316 1400 tamen
1344 1363 1436 1409 Epi-

272 1424 353 1457 curi
383 1420 478 1455 licet
504 1419 692 1462 oblivisci,
717 1421 748 1453 si
779 1420 946 1462 cupiam,
977 1421 1085 1454 cuius
1114 1421 1329 1463 imaginem
1358 1431 1438 1455 non

272 1475 388 1512 modo
408 1478 448 1511 in
471 1473 614 1510 tabulis
634 1475 758 1508 nostri
779 1472 990 1510 familiares
1006 1472 1076 1510 sed
1093 1476 1213 1510 etiam
1229 1476 1269 1510 in
1290 1473 1438 1520 poculis

271 1536 312 1568 et
332 1534 372 1567 in
392 1529 518 1566 anulis
539 1527 728 1566 habent.'’

311 1701 328 1719 a
341 1696 416 1727 The
433 1696 697 1732 senate-house,
716 1694 881 1726 ascribed
893 1693 938 1735 by
952 1694 1121 1725 tradition
1139 1699 1174 1726 to
1197 1695 1294 1734 King
1310 1695 1432 1727 Tullus

271 1740 456 1775 Hostilius,
476 1749 552 1769 was
569 1739 740 1778 enlarged
760 1738 806 1779 by
824 1737 920 1769 Sulla
937 1748 958 1769 a
974 1748 1062 1779 year
1082 1748 1123 1769 or
1138 1742 1210 1769 two
1235 1738 1355 1770 before
1372 1740 1431 1770 the

271 1784 352 1814 date
369 1782 409 1813 of
420 1783 478 1812 the
495 1781 673 1821 dialogue.

312 1825 572 1866 bPresumably
611 1824 648 1855 L.
692 1825 772 1854 Piso
814 1824 934 1865 Frugi,
967 1825 1025 1855 tlie
1066 1824 1174 1855 ‘Man
1208 1824 1249 1855 of
1279 1824 1428 1862 XVorthf

267 1880 285 1900 c
314 1893 321 1901 .
350 1869 396 1906 11,
424 1878 474 1907 90.

289 1880 325 1934 pc
336 1912 455 1944 Greek
480 1910 697 1941 Mnemonics
721 1920 761 1940 or
784 1911 952 1941 memoria
976 1910 1149 1947 technica,
1174 1911 1253 1941 said
1277 1914 1313 1941 to
1338 1912 1428 1942 bave

266 1957 354 1987 been
373 1954 538 1985 invented
555 1953 602 1994 by
619 1954 677 1984 the
695 1957 777 1993 poet
795 1953 1006 1989 Simonides,
1025 1964 1079 1994 ep.
1102 1953 1146 1991 II,
1170 1964 1239 1994 104,
1259 1964 1375 1984 seems
1391 1959 1428 1985 to

265 2001 355 2030 have
368 1998 455 2029 been
469 1997 580 2028 based
593 2006 637 2027 on
651 1997 764 2026 visual
777 2007 951 2037 memory;
969 1997 993 2027 it
1008 1998 1187 2037 arranged
1200 1999 1258 2028 the
1271 1997 1428 2038 subjects

267 2048 302 2073 to
320 2042 362 2072 be
379 2039 621 2072 remembered
638 2040 671 2070 in
694 2040 797 2077 τόποι,
819 2040 894 2070 loci.
944 2040 1020 2070 The
1044 2045 1099 2071 art
1125 2051 1198 2070 was
1222 2041 1426 2072 associated

265 2086 348 2116 with
367 2084 526 2115 Inventio
543 2093 583 2114 as
601 2093 621 2114 a
639 2082 773 2114 branch
791 2082 831 2112 of
844 2082 1023 2121 Rhetorie,
1043 2094 1096 2125 cp.
1120 2083 1178 2121 IV,
1203 2093 1250 2115 10.

372 2138 448 2176 392
