1574 2364
196 1356 246 1395 26

590 144 785 180 CICERO
818 143 892 179 DE
924 143 1142 182 FINIBUS

279 235 374 267 gere
406 236 524 268 quam
555 223 606 258 ob
639 235 794 259 causam
827 222 972 259 habeat
1002 236 1091 260 eum
1128 237 1246 269 quem
1279 224 1448 262 diximus

279 304 399 337 animi
413 304 648 346 appetitum,
664 306 902 346 coeptatque
917 307 958 338 et
972 315 1017 338 ea
1033 315 1132 347 quae
1149 308 1311 339 naturae
1326 306 1450 340 sentit

279 385 372 425 apta
401 384 591 425 appetere
622 384 664 416 et
693 379 922 425 propulsare
958 383 1163 417 contraria.
1206 381 1312 426 Ergo
1342 384 1447 417 omni

279 453 438 489 animali
466 453 564 490 illud
593 453 698 499 quod
726 456 881 499 appetit
909 457 1080 500 positum
1108 459 1169 491 est
1198 458 1238 491 in
1270 468 1316 491 eo
1343 455 1448 500 quod

279 533 443 564 naturae
495 533 556 565 est
604 529 956 565 accommodatum.
1030 529 1091 566 Ita
1131 529 1217 566 finis
1257 530 1448 566 bonorum

279 606 449 648 exsistit,
477 603 695 640 secundum
728 609 910 640 naturam
943 606 1074 640 vivere
1106 607 1159 641 sic
1189 604 1374 641 affectum
1404 609 1448 641 ut

279 681 428 724 optime
442 678 539 714 affici
554 681 677 724 possit
689 679 739 715 ad
753 683 1015 724 naturamque
1029 679 1444 717 accommodatissime.

279 754 476 799 Quoniam
503 758 638 790 autem
665 767 734 790 sua
757 756 945 798 cuiusque
972 757 1183 790 animantis
1206 759 1347 791 natura
1374 760 1447 800 est,

277 842 440 866 necesse
455 834 516 865 est
529 828 648 866 finem
662 841 818 874 quoque
837 831 1012 865 omnium
1027 829 1132 865 hunc
1147 843 1231 866 esse
1247 835 1292 867 ut
1308 836 1446 867 natura

278 903 485 949 expleatur
505 895 621 947 (nihil
650 906 756 940 enim
773 903 958 949 prohibet
975 903 1168 949 quaedam
1185 917 1269 941 esse
1287 910 1328 941 et
1341 908 1445 942 inter

277 993 318 1016 se
339 979 574 1016 animalibus
594 979 755 1024 reliquis
777 983 818 1015 et
839 992 928 1015 cum
949 979 1085 1015 bestiis
1106 979 1255 1016 homini
1272 993 1444 1017 commu-

276 1058 353 1100 nia,
387 1057 572 1100 quoniam
608 1057 784 1091 omnium
817 1059 878 1090 est
912 1058 1053 1090 natura
1092 1048 1341 1101 communis),
1374 1057 1443 1093 sed

277 1136 457 1167 extrema
477 1130 543 1166 illa
565 1135 606 1166 et
627 1143 779 1166 summa
800 1142 900 1174 quae
922 1133 1145 1175 quaerimus
1173 1133 1278 1167 inter
1297 1134 1443 1168 anima-

276 1206 372 1242 lium
392 1218 539 1250 genera
561 1204 749 1241 distincta
765 1209 807 1240 et
827 1204 1035 1250 dispertita
1057 1207 1136 1241 sint
1157 1210 1198 1242 et
1215 1218 1282 1242 sua
1303 1209 1444 1252 cuique

275 1283 431 1327 propria
452 1285 494 1317 et
514 1279 561 1315 ad
584 1279 624 1316 id
640 1284 732 1325 apta
748 1279 854 1325 quod
872 1282 1059 1325 cuiusque
1076 1285 1215 1316 natura
1229 1280 1440 1319 desideret.

277 1356 409 1402 Quare
439 1368 527 1392 cum
555 1355 721 1391 dicimus
747 1355 929 1391 omnibus
957 1355 1192 1392 animalibus
1221 1362 1441 1394 extremum

277 1444 361 1468 esse
383 1429 601 1467 secundum
622 1434 803 1465 naturam
824 1432 970 1474 vivere,
991 1442 1070 1465 non
1091 1432 1147 1466 ita
1167 1432 1441 1476 accipiendum

277 1512 339 1544 est
368 1507 478 1551 quasi
507 1504 683 1541 dicamus
714 1516 836 1540 unum
867 1517 952 1540 esse
984 1507 1160 1540 omnium
1193 1510 1442 1551 extremum3

277 1582 346 1620 sed
376 1586 421 1618 ut
450 1583 625 1617 omnium
654 1582 798 1615 artium
828 1584 936 1615 recte
967 1579 1044 1616 dici
1074 1584 1206 1625 potest
1233 1594 1441 1619 commune

275 1671 360 1696 esse
381 1661 426 1694 ut
446 1659 486 1692 in
506 1656 636 1701 aliqua
656 1657 820 1691 scientia
841 1659 1061 1700 versentur,
1081 1658 1287 1692 scientiam
1308 1661 1441 1694 autem

275 1746 384 1771 suam
416 1733 605 1776 cuiusque
635 1732 729 1766 artis
762 1742 859 1774 esse,
888 1732 942 1765 sic
973 1743 1181 1767 commune
1213 1731 1439 1768 animalium

274 1810 451 1846 omnium
472 1805 691 1842 secundum
712 1809 894 1841 naturam
916 1807 1060 1849 vivere,
1082 1805 1151 1842 sed
1175 1810 1333 1842 naturas
1355 1818 1439 1843 esse

274 1885 459 1927 diversas,
479 1886 525 1918 ut
543 1880 650 1917 aliud
671 1891 773 1925 equo
793 1881 844 1916 sit
864 1892 885 1916 e
909 1884 1062 1924 natura,
1083 1879 1189 1916 aliud
1210 1881 1312 1925 bovi,
1332 1881 1437 1917 aliud

273 1960 437 2003 homini,
451 1961 493 1993 et
508 1961 641 1992 tamen
652 1957 691 1990 in
705 1954 885 1990 omnibus
895 1968 1046 1991 summa
1059 1958 1289 2000 communis,
1300 1960 1341 1992 et
1354 1958 1437 2000 qui-

273 2035 365 2072 dem
391 2046 471 2069 non
498 2031 624 2068 solum
650 2032 691 2066 in
717 2029 950 2066 animalibus
984 2029 1054 2066 sed
1089 2032 1210 2067 etiam
1245 2033 1284 2066 in
1319 2030 1436 2067 rebus

382 2091 458 2122 418
