1574 2364
213 691 263 724 42

218 1601 266 1633 43

600 158 794 196 CICERO
826 158 900 199 DE
930 159 1150 198 FINIBUS

293 236 514 276 vivendum.
575 238 665 274 Hoc
686 237 830 275 dixerit
850 242 980 284 potius
1001 239 1178 277 Ennius:

474 333 652 370 Nimium
672 333 765 369 boni
786 338 847 370 est
867 336 929 370 cui
949 334 1047 370 nihil
1071 339 1131 372 est
1151 335 1263 380 mali3

292 434 363 457 nos
383 421 539 458 beatam
556 423 677 457 vitam
692 434 772 457 non
793 421 1024 467 depulsione
1046 422 1138 458 mali
1158 423 1227 459 sed
1247 422 1486 469 adeptione·

294 488 387 524 boni
406 487 638 533 iudicemus,
659 500 734 524 nec
762 501 849 524 eam
877 488 1078 534 cessando,
1100 491 1180 526 sive
1200 489 1458 534 gaudentem,

292 559 338 591 ut
356 554 595 600 Aristippus,
616 556 697 591 sive
717 567 798 591 non
819 554 1036 600 dolentem,
1050 559 1096 591 ut
1115 555 1192 601 hie,
1213 556 1283 593 sed
1303 557 1459 602 agendo

292 620 441 666 aliquid
461 620 795 658 considerandove
816 634 1057 666 quaeramus.

347 678 494 734 “Quae
525 692 690 733 possunt
720 686 860 724 eadem
891 692 1028 724 contra
1058 688 1328 726 Carneadeum
1360 688 1459 726 illud

293 768 490 792 summum
505 755 652 791 bonum
666 754 756 800 dici,
771 754 876 800 quod
889 757 920 791 is
932 768 1011 791 non
1025 760 1106 792 tam
1120 760 1164 792 ut
1177 755 1361 802 probaret
1372 769 1460 802 pro-

294 822 400 868 tulit,
413 835 530 867 quam
544 827 588 858 ut
601 821 742 859 Stoicis
756 822 989 867 quibuscum
1001 822 1150 859 bellum
1163 823 1330 868 gerebat
1343 836 1461 869 oppo-

294 893 410 926 neret
424 901 433 933 ;
455 889 494 925 id
510 894 644 925 autem
662 889 853 925 eiusmodi
870 894 931 925 est
946 894 991 925 ut
1011 889 1191 926 additum
1207 890 1257 926 ad
1273 892 1461 927 virtutem

293 959 572 994 auctoritatem
581 955 760 992 videatur
769 955 996 992 habiturum
1006 961 1047 992 et
1061 956 1312 1002 expleturum
1327 970 1461 993 cumu-

294 1022 374 1060 late
396 1025 517 1059 vitam
548 1022 718 1068 beatam,
739 1022 788 1059 de
810 1035 887 1067 quo
907 1024 1034 1059 omnis
1060 1022 1158 1059 haec
1186 1026 1363 1068 quaestio
1387 1028 1458 1060 est.

296 1089 398 1126 Nam
411 1091 478 1135 qui
491 1088 541 1125 ad
556 1091 745 1125 virtutem
757 1088 981 1134 adiungunt
996 1089 1059 1125 vel
1072 1089 1330 1135 voluptatem,
1343 1103 1460 1135 quam

295 1168 415 1192 unam
432 1158 552 1192 virtus
568 1157 720 1191 minimi
737 1154 843 1199 facit,
860 1154 923 1191 vel
937 1158 1175 1192 vacuitatem
1191 1155 1346 1202 doloris,
1361 1169 1460 1202 quae

296 1221 449 1255 etiamsi
479 1217 582 1254 malo
606 1222 714 1254 caret
737 1223 872 1254 tamen
898 1231 978 1254 non
994 1222 1055 1254 est
1071 1216 1285 1254 summum1
1301 1220 1461 1264 bonum,

295 1283 517 1317 accessione
533 1285 702 1317 utuntur
714 1293 794 1316 non
810 1283 865 1317 ita
880 1280 1085 1326 probabili,
1099 1294 1173 1317 nec
1189 1286 1324 1318 tamen
1340 1295 1408 1318 cur
1423 1281 1463 1318 id

296 1349 378 1381 tam
398 1356 514 1389 parce
535 1348 695 1388 tamque
716 1345 896 1379 restricte
914 1343 1061 1379 faciant
1080 1343 1283 1390 intellego.
1343 1343 1465 1390 Quasi

297 1409 403 1444 enim
425 1406 639 1443 emendum
660 1408 715 1443 eis
735 1408 786 1443 sit
806 1406 911 1451 quod
932 1405 1081 1442 addant
1101 1406 1151 1443 ad
1172 1409 1373 1453 virtutem,
1387 1410 1464 1453 pri-

296 1484 405 1507 mum
437 1470 640 1506 vilissimas
671 1482 734 1506 res
763 1469 930 1514 addunt,
952 1469 1099 1506 deinde
1130 1470 1304 1515 singulas
1333 1473 1464 1516 potius

297 1547 414 1580 quam
430 1536 561 1569 omnia
581 1545 681 1578 quae
701 1535 826 1578 prima
842 1537 982 1569 natura
998 1533 1291 1579 approbavisset
1311 1547 1357 1570 ea
1373 1547 1460 1570 cum

298 1596 506 1632 honestate
541 1597 840 1639 coniungerent.
901 1594 1014 1640 Quae
1049 1593 1177 1640 quod2
1210 1595 1385 1632 Aristoni
1420 1600 1462 1632 et

298 1658 488 1704 Pyrrhoni
505 1661 665 1694 omnino
680 1660 760 1694 visa
776 1662 869 1694 sunt
881 1671 951 1704 pro
971 1658 1108 1702 nihilo,
1124 1663 1169 1695 ut
1188 1660 1293 1695 inter
1312 1661 1461 1704 optime

296 1721 425 1758 valere
447 1726 488 1757 et
508 1723 735 1766 gravissime
756 1725 961 1766 aegrotare
981 1720 1080 1757 nihil
1108 1734 1262 1767 prorsus
1283 1722 1464 1758 dicerent

296 1787 501 1829 interesse,
531 1788 641 1820 recte
665 1786 743 1820 iam
768 1783 923 1830 pridem
949 1788 1086 1820 contra
1109 1797 1175 1821 eos
1203 1783 1374 1821 desitum
1403 1788 1464 1821 est

296 1848 496 1893 disputari.
558 1846 665 1883 Dum
686 1848 793 1883 enim
813 1848 854 1882 in
874 1860 953 1883 una
973 1849 1120 1883 virtute
1147 1849 1201 1883 sic
1228 1849 1358 1883 omnia
1379 1860 1463 1884 esse

338 1937 352 1958 ¹
377 1936 578 1978 [summum]
597 1934 700 1966 Reid.
934 1933 948 1953 ²
971 1934 1059 1975 quod
1074 1932 1193 1970 Mdv.;
1220 1942 1295 1964 cum
1311 1931 1410 1963 MSS.

340 2031 354 2046 ²
377 2024 483 2055 From
499 2019 665 2053 Ennius's
682 2021 833 2061 tragedy
846 2019 997 2055 Hecuba,
1012 2019 1057 2050 cf.
1072 2019 1272 2060 Euripides,
1285 2018 1369 2050 Hec.
1383 2018 1448 2054 627

299 2068 400 2100 κεῖνος
415 2063 610 2105 ὀλβιώτατος
624 2062 713 2105 Ὀτῳ
730 2062 803 2095 κατ’
818 2063 905 2104 ἦμαρ
922 2062 1069 2104 τυγχάνει
1084 2061 1182 2103 μηδὲν
1197 2060 1308 2093 κακόν.

412 2108 486 2145 128
