1574 2364
230 389 279 421 28

227 1830 277 1868 29

619 155 815 192 CICERO
849 154 922 191 DE
954 155 1173 193 FINIBUS

309 237 501 280 perantia,
522 248 611 271 cum
635 234 685 271 de
716 237 894 272 maximis
925 237 1028 272 vitiis
1058 235 1244 281 loquetur
1274 240 1475 282 tamquam

311 312 449 355 capitis
469 314 638 346 accuset.

366 375 479 422 “Sed
518 384 615 421 haee
654 385 816 430 quidem
849 385 1010 422 liberius
1043 386 1093 422 ab
1132 399 1179 423 eo
1217 386 1403 423 dicuntur
1439 390 1478 423 et

310 462 473 505 saepius.
535 459 653 504 Quod
688 459 874 505 equidem
908 472 988 496 non
1020 460 1240 505 repre11do;
1280 465 1341 497 est
1371 463 1479 497 enim

310 536 412 570 tanti
442 533 665 579 philosophi
695 538 856 579 tamque
896 533 1037 570 nobilis
1076 533 1265 571 audacter
1303 547 1371 571 sua
1409 540 1478 572 de-

309 612 418 644 creta
437 607 667 644 defendere.
720 607 799 645 Sed
820 613 956 644 tamen
977 621 1025 645 ex
1053 621 1099 645 eo
1127 608 1232 654 quod
1260 622 1347 645 eam
1368 609 1477 645 volu-

309 687 462 727 ptatem
492 695 610 728 quam
640 695 776 719 omnes
806 687 949 728 gentes
978 682 1053 719 hoc
1083 686 1243 720 nomine
1274 683 1479 729 appellant

309 757 467 794 videtur
503 757 719 803 amplexari
758 771 875 803 saepe
914 757 1204 803 vehementius,
1245 760 1286 794 in
1325 761 1477 804 magnis

310 828 511 865 interdum
532 834 708 865 versatur
727 831 931 874 angustiis,
949 834 994 865 ut
1014 829 1219 866 hominum
1235 832 1477 866 conscientia

312 905 462 938 remota
484 900 581 936 nihil
604 905 684 936 tam
704 905 820 946 turpe
842 903 891 937 sit
913 900 1019 946 quod
1036 900 1248 946 voluptatis
1266 915 1381 937 causa
1399 914 1478 937 non

309 971 490 1008 videatur
529 985 613 1008 esse
652 971 836 1008 facturus.
900 971 1059 1008 Deinde
1098 972 1165 1008 ubi
1205 972 1364 1009 erubuit
1401 963 1476 1016 (vis

310 1045 416 1079 enim
438 1047 498 1079 est
519 1056 734 1088 permagna
754 1035 950 1087 naturae),
972 1042 1153 1088 confugit
1174 1043 1267 1079 illuc
1288 1048 1332 1080 ut
1353 1049 1478 1088 neget

309 1113 498 1150 accedere
515 1113 728 1159 quidquam
751 1127 863 1159 posse
883 1113 933 1150 ad
955 1113 1199 1160 voluptatem
1220 1114 1320 1151 nihil
1340 1114 1477 1151 dolen-

310 1187 370 1221 tis.
422 1185 477 1221 At
498 1188 572 1221 iste
594 1198 673 1220 non
690 1183 851 1221 dolendi
867 1190 993 1222 status
1006 1198 1086 1221 non
1103 1190 1265 1222 vocatur
1281 1185 1472 1231 voluptas.

311 1257 402 1293 Non
422 1256 568 1301 laboro,
589 1258 732 1301 inquit,
753 1255 803 1292 de
825 1255 1165 1302 nomine—Quid
1185 1256 1291 1302 quod
1316 1270 1377 1294 res
1401 1257 1477 1293 alia

311 1332 395 1364 tota
409 1332 470 1364 est
485 1327 766 1373 ?—Reperiam
782 1327 928 1364 multos
944 1327 1006 1364 vel
1022 1327 1331 1365 innumerabiles
1349 1331 1479 1373 potius

310 1411 389 1435 non
409 1403 491 1434 tam
513 1401 682 1434 curiosos
706 1411 780 1434 nec
808 1403 889 1434 tam
916 1398 1102 1435 molestos
1130 1411 1248 1443 quam
1275 1412 1342 1435 vos
1371 1402 1477 1444 estis,

312 1470 453 1515 quibus
492 1469 685 1514 ququuid
725 1469 841 1505 velini
882 1468 996 1506 facile
1035 1469 1477 1515 persuadeam.—Quid

311 1554 405 1586 ergo
444 1540 670 1577 dubitamus
709 1543 818 1585 quin,
853 1543 884 1576 si
923 1553 1003 1576 non
1042 1540 1176 1577 dolere
1212 1541 1391 1586 voluptas
1426 1545 1477 1578 sit

309 1625 472 1657 summa,
503 1625 583 1648 non
613 1624 698 1648 esse
728 1613 768 1647 in
798 1611 1002 1657 voluptate
1033 1610 1145 1648 dolor
1174 1614 1226 1648 sit
1254 1612 1475 1649 maximus?

309 1696 377 1720 cur
396 1682 436 1719 id
463 1696 543 1719 non
569 1685 624 1719 ita
652 1681 880 1727 siff—Quia
910 1681 1034 1718 dolori
1064 1695 1143 1718 non
1173 1681 1353 1728 voluptas
1383 1696 1472 1719 con-

307 1756 426 1791 traria
448 1759 509 1790 est
529 1753 599 1790 sed
620 1753 765 1790 doloris
786 1756 964 1798 privatio.

362 1825 408 1861 X.
433 1815 458 1832 “
472 1825 562 1861 Hoc
583 1837 674 1861 vero
690 1837 770 1860 non
787 1824 934 1869 videre,
950 1826 1120 1860 maximo
1135 1830 1370 1870 argumento
1388 1837 1474 1862 esse

305 1897 551 1942 voluptatem
579 1895 700 1940 illam,
726 1908 802 1940 qua
831 1894 985 1931 sublata
1014 1900 1137 1940 neget
1165 1908 1206 1932 se
1236 1895 1473 1942 intellegere

304 1972 464 2005 omnino
484 1966 579 2013 quid
599 1969 651 2003 sit
670 1967 817 2002 bonum
839 1958 944 2010 (eam
964 1971 1098 2002 autem
1122 1969 1177 2002 ita
1197 1969 1468 2018 persequitur,

303 2052 403 2085 quae
419 2038 550 2084 palato
567 2039 819 2083 percipiatur,
842 2049 941 2082 quae
962 2037 1322 2082 auribus,—cetera
1344 2037 1469 2082 addit,

416 2098 430 2129 1
445 2098 454 2128 l
469 2099 492 2128 4
