1574 2364
621 145 816 184 CICERO
848 145 922 182 DE
952 145 1172 184 FINIBUS

313 231 354 265 in
380 227 541 264 homine
568 225 638 263 sed
667 228 708 261 in
738 227 845 261 omni
873 225 1046 270 animali,
1066 229 1112 261 ut,
1138 229 1303 270 appetat
1328 227 1482 263 animus

313 304 431 337 agere
452 302 609 335 semper
628 288 777 334 aliquid
797 300 928 333 neque
948 288 1029 324 ulla
1048 288 1280 325 condicione
1304 290 1480 333 quietem

314 357 596 399 sempiternam
618 354 741 398 possit.
761 353 852 396 pati.
914 351 1044 387 Facile
1069 356 1130 387 est
1153 351 1227 387 hoc
1253 364 1415 388 cernere
1439 353 1478 387 in

314 420 448 463 primis
468 427 680 461 puerorum
699 413 894 450 aetatulis.
955 412 1205 459 Quamquam
1222 416 1329 450 enim
1345 426 1482 450 vereor

315 494 365 517 ne
386 481 530 515 nimius
547 481 587 514 in
602 477 677 513 hoc
693 489 842 522 genere
859 475 1005 521 videar,
1023 482 1158 512 tamen
1175 489 1311 513 omnes
1326 482 1482 514 veteres

315 541 552 590 philosophi,
573 543 742 577 maxime
772 542 910 584 nostri,
931 539 981 576 ad
1008 539 1247 576 incunabula
1272 539 1480 584 accedunt,

316 597 444 652 quodl
474 608 515 640 in
545 606 715 649 pueritia
746 602 932 639 facillime
965 615 1006 639 se
1040 603 1283 639 arbitrentur
1316 607 1480 639 naturae

317 670 563 705 voluntatem
600 679 712 712 posse
747 678 996 710 cognoscere.
1058 665 1247 702 Videmus
1281 668 1402 710 igitur
1435 671 1480 702 ut

315 734 594 777 conquiescere
616 741 666 765 ne
693 728 866 765 infantes
892 728 1053 773 quidem
1079 731 1250 774 possint3
1280 741 1369 764 eum
1389 741 1481 765 vero

315 794 476 842 paulum
503 796 791 839 processerunt,
813 791 1030 828 lusionibus
1056 791 1119 828 vel
1145 791 1345 828 laboriosis
1372 791 1481 829 dele-

317 863 487 902 ctantur,
509 861 553 892 ut
576 869 627 892 ne
655 855 882 891 verberibus
909 854 1070 899 quidem
1097 854 1290 891 deterreri
1316 857 1476 900 possint.

316 922 452 966 anue
483 918 677 965 cupiditas
706 917 852 962 agendi
882 917 1031 962 aliquid
1060 917 1254 954 adulescit
1284 930 1361 953 una
1392 930 1480 954 cum

317 984 524 1021 aetatibus.
587 982 726 1026 Itaque
756 993 807 1016 ne
837 982 868 1016 si
897 980 1186 1017 iucundissimis
1216 979 1378 1025 quidem
1410 993 1480 1017 nos

317 1049 476 1085 somniis
500 1058 636 1082 usuros
661 1048 859 1090 putemus,
881 1042 1140 1088 Endymionis
1165 1057 1346 1080 somnum
1369 1044 1480 1081 nobis

318 1111 482 1147 velimus
504 1108 600 1153 dari,
621 1107 740 1152 idque
761 1108 792 1142 si
812 1105 966 1142 accidat
985 1109 1122 1142 mortis
1142 1109 1265 1143 instar
1284 1111 1479 1153 putemus.

239 1174 289 1214 56
319 1174 426 1220 Quin
448 1175 567 1208 etiarn
588 1171 848 1207 inertissimos
876 1168 1069 1214 homines,
1090 1172 1223 1206 nescio
1247 1182 1324 1215 qua
1349 1172 1482 1215 singu-

240 1771 288 1808 57

318 1238 389 1274 lari
408 1238 586 1280 nequitia
610 1234 823 1280 praeditos,
844 1235 1022 1271 videmus
1042 1237 1177 1269 tamen
1198 1237 1240 1269 et
1260 1245 1420 1278 corpore
1441 1238 1483 1270 et

317 1303 448 1337 animo
467 1300 615 1334 moveri
636 1310 793 1343 semper
821 1303 874 1343 et,
896 1310 985 1334 cum
1011 1308 1053 1332 re
1081 1295 1189 1332 nulla
1215 1296 1482 1341 impediantur

317 1359 548 1401 necessaria,
565 1360 633 1392 aut
653 1355 849 1392 alveolum
869 1366 1030 1401 poscere
1051 1358 1120 1390 aut
1140 1366 1328 1399 quaerere
1345 1366 1481 1399 quem-

317 1420 422 1464 piam
434 1415 571 1451 ludum
585 1418 653 1449 aut
666 1426 889 1450 sermonem
900 1412 1072 1457 aliquem
1086 1414 1299 1457 requirere,
1313 1425 1481 1458 cumque

317 1488 397 1512 non
410 1474 584 1510 habeant
596 1475 788 1517 ingenuas
802 1484 849 1508 ex
863 1472 1042 1508 doctrina
1051 1469 1349 1515 oblectationes,
1359 1473 1481 1507 circu-

317 1535 374 1570 los
387 1533 536 1576 aliquos
550 1533 591 1567 et
606 1530 865 1567 sessiunculas
879 1531 1105 1566 consectari.
1131 1528 1191 1564 Ne
1201 1520 1216 1544 ²
1230 1529 1380 1565 bestiae
1396 1532 1480 1574 qui-

318 1592 409 1628 dem
426 1602 521 1635 quas
534 1588 810 1625 delectationis
824 1601 937 1624 causa
951 1586 1234 1632 concludimus,
1248 1600 1338 1623 cum
1351 1590 1480 1633 copio-

319 1653 396 1687 sius
420 1648 575 1684 alantur
600 1659 718 1691 quam
741 1649 772 1682 si
797 1650 931 1683 essent
954 1645 1116 1690 liberae,
1137 1644 1252 1681 facile
1276 1647 1482 1690 patiuntur

318 1721 403 1745 sese
420 1707 627 1749 contineri,
643 1709 852 1749 motusque
869 1703 1016 1740 solutos
1033 1707 1075 1739 et
1090 1715 1208 1748 vagos
1221 1716 1243 1739 a
1255 1707 1395 1739 natura
1407 1704 1480 1740 sibi

318 1766 486 1803 tributos
506 1765 723 1808 requirunt.
786 1761 925 1807 Itaque
945 1766 991 1798 ut
1010 1763 1175 1806 quisque
1195 1764 1345 1806 optime
1363 1766 1480 1798 natus

317 1826 601 1866 institutusque
616 1825 689 1865 est,
703 1832 788 1856 esse
804 1821 964 1855 omnino
979 1818 1081 1855 nolit
1095 1821 1137 1855 in
1152 1821 1232 1855 vita
1247 1821 1278 1856 si
1293 1819 1479 1864 gerendis

318 1883 488 1927 negotiis
504 1879 661 1916 orbatus
677 1880 800 1923 possit
815 1879 1070 1922 paratissimis
1082 1879 1187 1914 vesci
1199 1876 1478 1923 voluptatibus.

358 1951 492 1993 ²quod.
514 1974 521 1982 .
548 1949 764 1980 arbitrentur
784 1947 842 1978 inf.
872 1948 988 1985 MSS„
1016 1948 1162 1985 munem
1187 1949 1306 1979 others
1329 1949 1422 1991 quod
1440 1971 1448 1980 .
1468 1971 1477 1981 .

321 1996 563 2029 arbitrantur;
586 1991 671 2032 qui.
692 2015 700 2023 .
720 1990 938 2022 arbitrentur
953 1991 990 2027 B,
1011 1991 1052 2029 E,
1073 1990 1168 2022 Mdv.

364 2038 439 2069 ²Ne
456 2036 513 2067 inf.
536 2035 652 2072 MSS.,
674 2033 784 2070 Mdv.;
809 2033 895 2074 quin
914 2044 955 2064 ne
973 2033 1010 2071 B,
1030 2033 1117 2074 quin
1135 2036 1165 2064 le
1182 2033 1221 2065 E.

428 2086 505 2123 456
