1574 2364
243 776 293 813 66

622 156 818 194 CICERO
849 156 923 193 DE
954 156 1172 195 FINIBUS

317 229 477 273 tatibus,
504 233 590 265 tum
622 228 771 264 civibus
803 232 845 264 et
875 230 921 264 iis
953 230 1020 273 qui
1052 228 1209 274 publice
1240 231 1333 265 socii
1363 233 1484 275 atque

316 302 430 336 amici
452 304 556 344 sunt,
578 298 724 335 deinde
746 301 869 335 totius
890 299 1098 344 complexu
1119 302 1252 345 gentis
1267 299 1484 344 humanae3

318 384 417 416 quae
438 373 558 406 animi
578 370 734 406 affectio
755 383 868 406 suum
889 373 1030 416 cuique
1052 371 1230 408 tribuens
1246 376 1365 417 atque
1383 371 1484 408 hanc

319 455 436 486 quam
457 441 545 477 dico
566 444 798 478 societatem
825 444 1114 478 coniunctionis
1138 441 1334 480 humanae
1359 446 1486 480 muni·

321 513 390 548 fice
413 517 454 549 et
480 525 606 557 aeque
634 517 751 549 tuens
779 515 930 549 iustitia
957 513 1116 558 dicitur,
1137 516 1199 549 cui
1230 518 1323 550 sunt
1348 514 1488 550 adiun-

322 583 408 615 ctae.
438 581 577 623 pietas,
599 579 767 622 bonitas,
793 578 1022 623 liberalitas,
1047 579 1286 625 benignitas,
1312 583 1488 625 comitas,

323 658 503 689 quaeque
544 649 636 680 sunt
674 647 833 689 generis
873 645 1063 682 eiusdem.
1124 646 1258 691 Atque
1297 646 1395 682 haec
1433 649 1489 683 ita

322 713 495 747 iustitiae
526 713 682 756 propria
713 716 805 747 sunt
835 716 880 747 ut
910 714 989 748 sint
1024 714 1215 748 virtutum
1251 712 1489 757 reliquarum

325 779 557 813 communia.
620 777 721 812 Nam
743 790 832 813 cum
855 780 908 813 sic
936 777 1106 814 hominis
1132 782 1271 814 natura
1299 784 1491 823 generata

322 845 373 879 sit
394 847 437 879 ut
460 842 605 879 habeat
629 843 819 888 quiddam
845 846 1069 888 ingenitum
1097 847 1206 889 quasi
1231 844 1344 881 civile
1370 849 1489 890 atque

323 908 523 954 populare,
555 909 659 954 quod
697 910 837 945 Graeci
872 909 1073 946 πολιτικόν
1106 915 1261 955 vocant,
1297 911 1488 956 quidquid

323 979 415 1019 aget
441 988 620 1020 quaeque
648 977 783 1019 virtus,
805 975 844 1011 id
872 989 893 1011 a
921 979 1205 1012 communitate
1234 981 1275 1013 et
1302 990 1347 1013 ea
1374 990 1490 1022 quam

325 1043 485 1085 exposui
508 1043 672 1077 caritate
694 1055 738 1077 ac
760 1044 951 1078 societate
969 1041 1140 1078 humana
1157 1055 1236 1078 non
1252 1042 1494 1088 abhorrebit,

325 1109 574 1152 vicissimque
596 1109 759 1151 iustitia,
782 1112 826 1144 ut
848 1110 931 1153 ipsa
952 1107 1096 1145 fundet
1117 1121 1158 1145 se
1180 1121 1252 1145 usu
1274 1111 1314 1145 in
1342 1113 1494 1146 ceteras

326 1180 505 1222 vii-tutes,
528 1181 582 1214 sic
604 1178 688 1215 illas
711 1184 886 1224 expetet.
947 1179 1100 1216 Servari
1123 1183 1229 1216 enim
1250 1182 1399 1216 iustitia
1420 1183 1493 1217 nisi

326 1262 348 1284 a
369 1249 461 1285 forti
483 1252 575 1294 viro,
597 1252 670 1286 nisi
699 1264 721 1286 a
748 1253 927 1296 sapiente
956 1264 1035 1287 11011
1063 1256 1207 1297 potest.
1267 1251 1404 1297 Qualis
1431 1257 1492 1289 est

327 1323 447 1365 igitur
469 1324 594 1358 omnis
615 1321 713 1358 haec
734 1335 851 1367 quam
879 1323 967 1359 dico
995 1326 1233 1369 conspiratio
1260 1337 1492 1361 consensus·

329 1405 404 1436 que
427 1395 630 1437 virtutum,
648 1393 727 1430 tale
745 1398 806 1430 est
822 1393 920 1431 illud
936 1397 1065 1439 ipsum
1081 1394 1313 1439 honestum3
1334 1395 1491 1440 quando

329 1463 489 1508 quidem
515 1463 726 1500 honestum
754 1470 822 1501 aut
849 1468 932 1511 ipsa
960 1469 1083 1503 virtus
1111 1471 1171 1503 est
1197 1471 1266 1503 aut
1292 1480 1353 1504 res
1379 1472 1492 1512 gesta

329 1537 495 1577 virtute;
526 1536 666 1580 quibus
689 1536 805 1573 rebus
826 1539 906 1573 vita
927 1540 1180 1575 consentiens
1202 1539 1491 1584 virtutibusque

329 1605 572 1651 respondens
593 1612 701 1643 recta
723 1612 764 1645 et
784 1607 953 1645 honesta
979 1614 1021 1646 et
1048 1614 1232 1646 constans
1259 1614 1301 1646 et
1328 1615 1492 1647 naturae

331 1689 552 1722 congruens
575 1681 789 1715 existimari
811 1684 954 1725 potest.

390 1750 557 1805 “Atque
596 1760 694 1798 haec
734 1765 960 1799 coniunctio
1003 1762 1261 1809 confusioque
1300 1765 1492 1800 virtutum

330 1835 464 1866 tamen
497 1844 519 1866 a
552 1831 795 1878 philosophis
830 1836 983 1871 ratione
1018 1834 1187 1880 quadam
1220 1834 1489 1880 distinguitur.

330 1901 431 1937 Nam
460 1915 549 1938 cum
574 1905 630 1938 ita
647 1904 862 1949 ¹copulatae
887 1919 1169 1952 connexaeque
1191 1909 1271 1943 sint
1292 1911 1336 1943 ut:
1357 1919 1494 1943 omnes

332 1975 507 2008 omnium
536 1976 749 2019 participes
781 1978 860 2011 sint
890 1989 964 2012 nec
996 1977 1071 2012 alia
1101 1977 1150 2013 ab
1181 1976 1256 2013 alia
1287 1980 1410 2023 possit
1437 1990 1496 2014 se-

334 2046 489 2133 pai-ari,6
501 2047 635 2081 tamen
666 2048 868 2092 proprium
897 2059 1010 2084 suum
1039 2050 1227 2095 cuiusque
1255 2061 1398 2087 munus
1423 2053 1496 2095 est,

441 2102 462 2132 4
496 2102 515 2133 8
