1574 2364
182 867 249 899 lOl

187 1559 260 1591 102

585 139 780 176 CICERO
812 139 885 175 DE
916 138 1136 177 FINIBUS

279 219 455 257 eiusdem
476 223 763 256 testamentum
783 231 862 254 non
883 218 1008 255 solum
1028 232 1050 254 a
1070 217 1292 263 philosophi
1316 219 1441 262 gravi-

280 296 364 328 tate
385 290 455 327 sed
476 292 596 327 etiam
616 290 665 326 ab
684 291 806 335 ipsius
830 291 1032 326 sententia
1055 289 1185 326 iudico
1206 288 1441 334 discrepare.

281 362 445 408 Scripsit
466 363 572 398 enim
593 365 634 397 et
654 360 788 397 multis
802 374 918 406 saepe
934 361 1064 397 verbis
1084 365 1126 400 et
1140 360 1314 397 breviter
1334 373 1445 406 aper-

281 438 402 478 teque
434 435 475 468 in
507 444 554 468 eo
584 431 684 468 libro
716 444 834 477 quem
865 431 982 468 modo
1012 434 1225 477 nominavi,
1252 422 1446 468 ‘mortem

282 506 381 543 nihil
403 506 452 543 ad
473 518 543 542 nos
564 508 785 551 pertinere;
815 504 920 550 quod
942 507 1048 541 enim
1068 504 1303 542 dissolutum
1325 507 1389 550 sit,
1405 504 1446 541 id

284 591 369 615 esse
391 580 474 614 sine
495 589 633 620 sensu;
663 576 769 621 quod
789 581 924 613 autem
949 579 1033 613 sine
1058 589 1175 613 sensu
1200 579 1264 621 sit,
1285 576 1326 612 id
1348 575 1447 612 nihil

283 649 333 685 ad
365 661 435 685 nos
467 650 668 694 pertinere
699 648 884 683 omnino.’
946 648 1036 684 Hoc
1062 650 1192 693 ipsum
1223 647 1447 693 elegantius

285 723 376 765 poni
398 719 617 764 meliusque
642 720 783 764 potuit.
844 718 946 754 Nam
967 718 1072 764 quod
1099 721 1155 754 ita
1179 721 1350 764 positum
1376 723 1449 763 est,

285 782 295 798 ‘
309 790 414 836 quod
435 789 669 827 dissolutum
690 792 753 834 sit,
774 789 814 826 id
836 802 920 826 esse
938 791 1021 826 sine
1038 790 1180 833 sensu‚'
1199 789 1239 825 id
1260 789 1450 826 eiusmodi

290 867 350 898 est
370 866 415 898 ut
436 874 514 897 non
536 863 628 897 satis
650 860 766 905 plane
788 860 894 896 dicat
914 860 1009 905 quid
1030 863 1081 897 sit
1101 860 1345 897 dissolutum.
1371 861 1450 897 Sed

287 938 421 969 tamen
443 932 635 976 intellego
656 931 751 976 quid
772 931 878 967 velit.
938 930 1095 976 Quaero
1119 936 1255 968 autem
1279 931 1373 976 quid
1401 935 1451 968 sit

287 1003 405 1050 quod,
422 1017 510 1039 cum
529 1002 799 1047 dissolutione,
814 1001 854 1038 id
868 1007 928 1039 est
943 1007 1070 1038 morte
1086 1015 1222 1039 sensus
1238 1004 1363 1039 omnis
1385 1016 1450 1039 ex-

289 1078 525 1119 stinguatur,
544 1078 585 1110 et
601 1086 689 1109 cum
706 1073 846 1118 reliqui
862 1072 961 1109 nihil
983 1076 1034 1109 sit
1055 1076 1215 1110 omnino
1236 1073 1341 1118 quod
1362 1087 1449 1119 per-

288 1149 416 1183 tineat
436 1145 485 1181 ad
501 1157 585 1189 nos,
602 1149 684 1181 tam
696 1149 878 1180 accurate
896 1149 1057 1189 tamque
1078 1144 1295 1189 diligenter
1315 1150 1452 1181 caveat

290 1222 331 1254 et
351 1219 500 1253 sanciat
521 1206 590 1252 ‘ut
610 1215 931 1260 Amynomachus
953 1220 994 1252 et
1013 1215 1269 1260 Timocrates,
1286 1215 1453 1252 heredes

290 1290 362 1332 sui,
386 1286 436 1323 de
464 1285 703 1322 Hermarchi
730 1288 930 1321 sententia
958 1285 1057 1322 dent
1080 1285 1185 1330 quod
1209 1288 1302 1322 satis
1329 1289 1380 1323 sit
1406 1285 1455 1323 ad

290 1354 397 1391 diem
410 1352 610 1398 agendum
622 1351 797 1388 natalem
811 1365 924 1388 suum
937 1355 1148 1397 quotannis
1162 1365 1298 1389 mense
1313 1353 1455 1390 Game-

290 1421 409 1464 lione,
430 1422 606 1464 itemque
627 1419 808 1455 omnibus
828 1419 1030 1455 mensibus
1050 1421 1234 1455 vicesimo
1254 1419 1318 1455 die
1338 1419 1455 1456 lunae

291 1487 390 1524 dent
420 1485 470 1522 ad
501 1498 637 1522 eorum
668 1484 804 1530 epulas
831 1487 897 1530 qui
924 1498 1002 1521 una
1028 1498 1162 1521 secum
1188 1485 1454 1531 philosophati

290 1556 382 1598 sint,
398 1557 443 1589 ut
459 1557 500 1589 et
514 1549 590 1588 sui¹
600 1556 641 1588 et
662 1551 880 1588 Metrodori
901 1554 1089 1587 memoria
1105 1551 1280 1588 colatur!
1340 1552 1454 1588 Haec

290 1633 365 1665 ego
386 1632 464 1655 non
486 1631 644 1663 possum
664 1617 797 1654 dicere
817 1631 897 1653 non
920 1630 1004 1654 esse
1025 1618 1195 1654 hominis
1217 1620 1392 1663 quamvis
1413 1624 1455 1655 et

290 1686 385 1723 belli
411 1690 453 1722 et
479 1684 654 1729 humani,
680 1686 868 1730 sapientis
896 1697 988 1720 vero
1014 1684 1124 1720 nullo
1147 1684 1278 1729 modo,
1304 1684 1456 1730 physici

291 1754 536 1799 praesertim,
559 1764 678 1796 quem
698 1762 739 1787 se
760 1751 827 1787 ille
849 1763 933 1787 esse
956 1750 1052 1795 vult,
1066 1756 1206 1795 putare
1226 1750 1351 1787 ullum
1373 1764 1457 1787 esse

291 1822 519 1863 cuiusquam
541 1817 647 1853 diem
668 1816 853 1853 natalem.
888 1816 1020 1862 Quid?
1042 1816 1202 1853 idemne
1223 1821 1356 1862 potest
1371 1830 1456 1854 esse

289 1886 373 1922 dies
394 1886 547 1929 saepius
568 1886 634 1928 qui
656 1883 778 1920 semel
799 1882 900 1920 fuit?
958 1884 1075 1920 Certe
1095 1896 1175 1918 non
1196 1888 1338 1928 potest.
1390 1883 1454 1919 An

289 1950 600 1990 eiusdemmodi?
658 1949 719 1986 Ne
744 1950 784 1986 id
809 1950 984 1995 quidem,
1009 1951 1083 1986 nisi
1110 1949 1235 1985 multa
1261 1963 1452 1986 annorum

286 2019 585 2055 intercesserint
605 2015 725 2061 milia,
741 2020 786 2052 ut
799 2018 975 2053 omniurn
988 2016 1162 2053 siderum
1182 2015 1323 2053 eodem
1344 2015 1450 2052 unde

772 2080 786 2101 ¹
809 2089 873 2113 sua
893 2080 905 2113 ?
926 2081 1029 2113 Reid.

403 2124 478 2163 192
