1574 2364
237 595 286 633 63

238 1121 289 1159 64

238 1879 287 1917 65

624 123 819 160 CICERO
851 123 924 159 DE
956 123 1174 161 FINIBUS

315 203 484 241 solemus
505 195 656 245 dicere)
677 201 932 246 crediderint,
951 205 1033 238 eius
1050 205 1116 247 qui
1133 202 1299 238 honeste
1317 205 1479 248 viveret,

316 266 346 298 si
374 262 479 299 idem
508 264 628 298 etiam
662 261 765 297 bene
793 260 956 305 valeret,
985 260 1086 297 bene
1113 261 1281 305 audiret,
1302 263 1480 306 copiosus

315 325 432 364 esset,
450 319 724 365 optabiliorem
745 318 827 355 fore
848 322 969 355 vitam
991 319 1274 364 melioremque
1296 324 1337 355 et
1356 322 1480 364 magis

317 378 583 424 expetendam
603 391 720 422 quam
740 377 844 413 illius
864 380 943 422 qui,
964 390 1089 422 aeque
1110 380 1167 413 vir
1187 378 1324 422 bonus,
1346 377 1480 413 multis

317 437 442 473 modis
464 441 581 481 esset,
602 440 648 472 ut
664 435 768 471 Enni
790 435 992 480 Alcmaeo,

436 506 747 552 ‘circumventus
767 515 917 559 morbo,
939 514 1076 551 exsilio
1095 519 1214 560 atque
1235 514 1392 560 inopia.'

320 595 382 631 Illi
403 598 524 640 igitur
544 596 696 639 antiqui
725 606 804 629 non
825 598 906 630 tam
926 598 1042 630 acute
1070 593 1344 639 optabiliorem
1372 593 1478 630 illam

319 657 439 690 vitam
459 658 617 699 putant,
637 654 978 697 praestantiorem,
1000 652 1241 695 beatiorem3
1272 652 1390 689 Stoici
1413 665 1478 688 au-

318 717 400 749 tem
432 710 709 748 tantummodo
736 709 1056 755 praeponendam
1095 712 1135 746 in
1162 710 1379 754 seligendo,
1401 722 1479 746 non

318 784 395 816 quo
416 771 567 807 beatior
587 783 632 806 ea
654 772 732 805 vita
752 772 815 813 sit,
837 768 907 804 sed
928 768 1032 813 quod
1059 768 1108 805 ad
1129 773 1309 805 naturam
1329 782 1480 805 accom-

318 829 535 872 modatior;
575 832 617 864 et
643 829 709 872 qui
737 830 935 872 sapientes
962 840 1040 863 non
1069 830 1160 871 sint,
1188 840 1324 863 omnes
1354 840 1479 872 aeque

318 890 479 924 miseros
518 899 612 923 esse.
674 886 795 922 Stoici
834 884 907 920 hoc
942 885 1129 921 videlicet
1162 885 1359 930 viderunt,
1394 885 1480 921 illos

318 951 451 982 autem
481 945 521 981 id
545 944 703 989 fugerat
725 936 972 989 superiores,1
997 943 1176 980 homines
1203 943 1415 980 sceleribus
1439 949 1481 980 et

319 1003 534 1050 parricidiis
554 1005 779 1047 inquinatos
800 1001 924 1037 nihilo
943 1004 1163 1038 miseriores
1180 1015 1264 1039 esse
1280 1015 1397 1047 quam
1414 1015 1479 1038 eos

319 1066 398 1108 qui,
425 1076 513 1098 cum
543 1066 649 1097 caste
681 1065 722 1097 et
748 1063 905 1104 integre
933 1063 1125 1105 viverent,
1147 1061 1323 1097 nondum
1350 1061 1478 1106 perfe-

320 1127 423 1158 ctam
444 1121 551 1156 illam
572 1121 806 1164 sapientiam
828 1123 962 1154 essent
983 1122 1194 1155 consecuti.
1254 1119 1387 1164 Atque
1405 1119 1478 1155 hoc

319 1180 405 1216 loco
425 1178 702 1215 similitudines
724 1190 787 1213 eas
808 1177 949 1221 quibus
970 1177 1025 1212 illi
1047 1179 1106 1214 uti
1122 1177 1251 1214 solent
1267 1178 1477 1214 dissimilli-

320 1251 401 1274 mas
433 1237 670 1283 proferebas.
730 1235 828 1280 Quis
864 1237 968 1271 enim
1003 1237 1172 1280 ignorat,
1205 1239 1235 1272 si
1267 1236 1398 1281 plures
1431 1249 1478 1272 ex

319 1297 400 1333 alto
431 1307 635 1340 emergere
666 1293 803 1337 velint,
836 1296 994 1338 propius
1024 1293 1107 1330 fore
1139 1307 1205 1331 eos
1236 1294 1396 1339 quidem
1430 1294 1478 1330 ad

319 1353 603 1400 respirandum,
639 1354 704 1397 qui
739 1351 789 1387 ad
827 1364 1017 1387 summam
1055 1366 1196 1397 aquam
1231 1355 1306 1388 iam
1339 1366 1479 1398 appro-

319 1417 515 1460 pinquent
534 1411 603 1448 sed
623 1410 747 1446 nihilo
766 1412 890 1454 magis
918 1413 1108 1455 respirare
1137 1424 1249 1456 posse
1276 1425 1392 1456 quam
1414 1424 1479 1447 eos

319 1475 386 1518 qui
407 1474 486 1508 sint
505 1473 545 1506 in
565 1468 785 1515 profundo?
816 1467 913 1503 nihil
941 1471 1062 1513 igitur
1086 1469 1246 1506 adiuvat
1266 1469 1479 1515 procedere

320 1536 361 1567 et
380 1528 565 1576 progredi
585 1530 625 1563 in
646 1530 791 1562 virtute
812 1529 1020 1571 quominus
1039 1530 1278 1564 miserrimus
1298 1531 1349 1564 sit
1368 1533 1479 1564 ante-

319 1601 436 1634 quam
467 1587 517 1623 ad
552 1599 638 1623 83111
672 1587 911 1630 pervenerit,
946 1588 1131 1629 quoniam
1165 1588 1205 1622 in
1243 1599 1343 1631 aqua
1380 1586 1478 1622 nihil

319 1647 489 1683 adiuvat..
550 1644 602 1680 Et
622 1644 806 1688 quoniam
827 1642 946 1678 catuli
967 1646 1033 1688 qui
1053 1646 1130 1679 iam
1151 1644 1366 1689 dispecturi
1387 1649 1480 1680 sunt

319 1707 426 1741 caeci
451 1716 577 1748 aeque
605 1706 646 1738 et
673 1704 699 1736 ii
727 1703 793 1745 qui
820 1699 937 1736 modo
964 1704 1060 1746 nati,
1090 1702 1296 1738 Platonem
1323 1715 1478 1747 quoque

319 1774 481 1799 necesse
513 1765 585 1804 est,
616 1761 800 1805 quoniam
834 1758 1011 1794 nondum
1042 1760 1202 1796 videbat
1233 1763 1478 1806 sapientiam,

318 1833 443 1866 aeque
464 1831 624 1855 caecum
643 1819 774 1852 animo
794 1828 837 1851 ac
861 1815 1054 1853 Phalarim
1075 1818 1205 1854 fuisse.

374 1877 518 1914 XXIV.
553 1868 672 1912 “Ista
703 1873 844 1910 similia
879 1886 958 1909 non
990 1881 1095 1921 sunt,
1127 1877 1236 1921 Cato,
1266 1879 1307 1912 in
1341 1877 1481 1921 quibus

358 1967 481 2018 {After
509 1967 700 2009 superiores
731 1963 832 1995 MSS.
867 1963 938 1994 add
976 1968 1041 2007 qui
1075 1967 1362 2004 arbitrabantur,·
1398 1967 1477 1998 edd.

317 2019 413 2043 omit.
666 2035 671 2038 .

425 2065 501 2097 370
