1574 2364
259 631 269 663 1

603 317 655 353 M.
681 316 869 353 TULLII
892 317 1181 355 CICERONIS

858 380 932 416 DE

435 443 655 481 FINIBUS
678 443 953 480 BONORUM
976 443 1044 479 ET
1066 443 1347 481 MALORUM

690 506 852 542 LIBER
873 505 1105 544 TERTIUS

340 625 368 662 I.
402 625 660 671 Voluptatem
691 624 867 670 quidem,
901 623 1036 669 Brute,
1069 627 1099 661 si
1131 627 1214 670 ipsa
1245 638 1315 671 pro
1347 639 1388 662 se
1422 626 1478 662 lo·

311 693 454 734 quatur
473 701 547 724 nee
569 693 650 724 tam
671 690 895 733 pertinaces
922 687 1067 724 habeat
1094 693 1293 734 patronos,
1320 702 1479 726 conces-

312 765 441 788 suram
461 752 640 795 arbitror,
662 753 884 787 convictam
911 754 1111 796 superiore
1138 751 1250 796 libro,
1278 751 1476 797 dignitati.

312 815 475 851 Etenim
496 816 546 851 sit
566 813 777 859 impudens
802 816 832 850 si
860 816 996 850 virtuti
1024 813 1173 850 diutius
1194 820 1393 860 repugnet
1413 819 1481 852 aut

313 880 343 913 si
357 877 535 913 honestis
549 876 720 912 iucunda
733 880 951 921 anteponat
961 881 1029 912 aut
1038 876 1159 921 pluris
1170 889 1253 913 esse
1265 877 1481 914 contendat

313 939 569 976 dulcedinem
590 942 761 984 corporis
786 952 833 975 ex
859 951 954 975 eave
982 944 1115 975 natam
1143 939 1336 976 laetitiam
1364 954 1481 985 quam

312 1005 550 1048 gravitatem
580 1004 700 1037 animi
730 1006 850 1046 atque
881 1005 1155 1038 constantiam.
1217 1001 1349 1048 Quare
1374 1003 1481 1040 illam

314 1065 476 1111 quidem
490 1064 737 1101 dimittamus
751 1069 792 1100 et
806 1067 883 1100 suis
898 1077 938 1100 se
954 1064 1094 1101 finibus
1109 1070 1247 1102 tenere
1266 1066 1482 1112 iubeamus,

315 1141 364 1164 ne
385 1128 588 1164 blanditiis
606 1130 688 1163 eius
705 1127 980 1172 illecebrisque
998 1128 1238 1173 impediatur
1253 1129 1482 1174 disputandi

317 1194 515 1228 severitas.
578 1190 862 1236 Quaerendum
885 1196 945 1227 est
967 1194 1072 1227 enim
1095 1192 1160 1227 ubi
1182 1195 1233 1228 sit
1254 1192 1350 1229 illud
1378 1205 1482 1229 sum-

315 1268 423 1290 mum
457 1255 603 1290 bonum
636 1254 740 1299 quod
780 1257 953 1299 reperire
994 1253 1185 1299 volumus,
1217 1258 1402 1300 quoniam
1442 1261 1484 1293 et

316 1317 495 1361 voluptas
516 1318 564 1352 ab
586 1330 632 1353 eo
653 1322 804 1353 remota
825 1321 885 1353 est
907 1322 948 1353 et
976 1316 1115 1353 eadem
1144 1318 1227 1354 fere
1253 1323 1390 1355 contra
1417 1331 1482 1356 eos

318 1378 395 1414 dici
425 1383 589 1427 possunt
619 1381 685 1427 qui
707 1381 948 1415 vacuitatem
978 1378 1123 1415 doloris
1144 1379 1263 1416 finem
1283 1381 1477 1417 bonorum

319 1452 404 1476 esse
433 1439 665 1482 voluerunt3
707 1452 780 1476 nec
811 1452 902 1475 vero
940 1439 1065 1476 ullum
1108 1441 1328 1489 probetur-¹
1369 1440 1480 1493 [αῖ]2

318 1513 515 1537 summum
530 1502 677 1536 bonum
690 1500 795 1550 quod
808 1503 956 1538 virtute
970 1506 1117 1548 careat,
1129 1514 1206 1552 qua
1219 1501 1317 1538 nihil
1332 1502 1480 1553 possit3

318 1575 403 1599 esse
424 1564 700 1611 praestantius.

374 1621 512 1666 Itaque
545 1633 781 1665 quamquam
813 1623 854 1657 in
886 1633 933 1657 eo
965 1633 1145 1657 sermone
1178 1624 1244 1667 qui
1273 1636 1361 1659 cum
1389 1623 1484 1660 Tor-

317 1689 437 1729 quato
465 1688 526 1719 est
554 1683 711 1719 habitus
738 1696 817 1719 non
850 1686 1000 1720 remissi
1034 1683 1191 1729 fuimus,
1220 1689 1355 1722 tamen
1386 1686 1483 1723 haee

317 1750 440 1782 acrior
479 1751 539 1782 est
579 1759 668 1782 cum
717 1746 858 1782 Stoicis
897 1752 1032 1792 parata
1081 1751 1297 1785 contentio.
1371 1748 1484 1794 Quae

317 1813 423 1846 enim
472 1809 521 1845 de
571 1808 774 1854 voluptate
813 1809 1014 1855 dicuntur,
1053 1823 1099 1846 ea
1141 1823 1216 1847 nec
1259 1815 1483 1848 acutissime

318 1886 390 1908 nec
430 1872 662 1908 abscondite
697 1872 965 1913 disseruntur:
1005 1886 1135 1919 neque
1172 1877 1278 1910 enim
1312 1878 1378 1920 qui
1415 1875 1483 1911 de-

374 1940 386 1959 ¹
410 1939 573 1980 probatur
590 1940 694 1973 Reid.

373 1983 387 2044 Ξ
409 1984 472 2040 [αἱ]
490 1984 602 2030 Μάν.,
622 1982 732 2031 Reid:
760 1984 970 2044 MSS'.⁰mit
985 1996 1062 2018 exe.
1082 1987 1123 2024 Α,
1142 1988 1184 2025 Β,
1205 1988 1246 2020 Ε.

409 2028 519 2107 ρέἶεέ
536 2026 565 2056 Β
582 2026 655 2057 and
670 2026 735 2058 ms.
754 2027 851 2059 MSS.
865 2052 873 2065 ,
898 2031 1010 2069 posset
1027 2031 1068 2067 A,
1089 2030 1138 2067 E;
1162 2033 1269 2072 potest
1286 2031 1385 2064 Mdv.
