1574 2364
191 953 238 984 40

571 128 765 165 CICERO
798 128 871 164 DE
903 128 1121 165 FINIBUS

263 210 331 247 illo
347 210 396 248 de
414 223 490 255 quo
503 214 597 245 ante
614 208 796 252 diximus,
814 207 919 252 quod
935 207 1146 244 honestum
1165 212 1269 243 esset
1284 206 1324 242 id
1341 218 1425 242 esse

264 273 388 310 solum
409 273 569 316 bonum,
600 270 780 315 intellegi
813 283 974 307 necesse
1007 275 1067 306 est
1099 270 1220 315 pluris
1251 269 1291 305 id
1323 268 1428 314 quod

264 336 476 372 honestum
493 337 544 370 sit
559 332 850 370 aestimandum
866 346 950 369 esse
968 346 1084 377 quam
1101 333 1167 368 illa
1183 332 1314 369 media
1330 344 1429 377 quae

266 412 313 435 ex
331 411 377 435 eo
394 401 681 442 comparentur.
716 395 936 433 Stultitiam
956 401 1090 432 autem
1112 400 1153 432 et
1174 395 1431 432 timiditatem

266 466 308 497 et
335 462 568 496 iniustitiam
594 464 635 495 et
659 461 1008 504 intemperantiam
1037 471 1125 494 cum
1153 457 1318 494 dicimus
1347 469 1431 494 esse

266 523 455 568 fugienda
480 526 641 567 propter
662 534 726 557 eas
747 534 808 557 res
828 534 928 566 quae
950 534 997 557 ex
1019 523 1111 566 ipsis
1132 523 1331 565 eveniant,
1351 532 1431 556 non

266 582 319 614 ita
345 578 510 613 dicimus
531 582 575 613 ut
596 589 686 612 cum
713 576 779 612 illo
807 575 913 620 quod
938 578 1110 621 positum
1138 581 1212 619 est,
1238 575 1364 612 solum
1391 574 1431 610 id

267 654 351 677 esse
371 640 518 676 malum
543 639 648 684 quod
677 644 794 684 turpe
825 641 887 683 sit,
918 638 1015 674 haec
1046 651 1222 684 pugnare
1252 638 1431 674 videatur

267 706 404 747 oratio,
426 707 635 748 propterea
656 701 761 747 quod
789 715 835 738 ea
854 715 934 738 non
955 701 1005 738 ad
1026 704 1197 746 corporis
1217 703 1430 737 incommo-

267 767 361 804 dum
382 765 608 803 referuntur
628 765 698 802 sed
718 765 768 801 ad
789 769 924 810 turpes
945 767 1120 801 actiones
1136 777 1236 809 quae
1252 767 1431 801 oriuntur

269 843 289 866 e
304 832 409 866 vitiis
423 822 536 874 (quas
553 831 659 864 enim
677 827 807 867 κακίας
826 828 966 864 Graeci
983 827 1199 873 appellant,
1216 830 1311 864 vitia
1328 827 1430 863 malo

268 901 385 933 quam
405 887 573 923 malitias
594 879 854 929 nominare).”

324 946 414 982 XII.
448 936 543 981 “Ne
574 946 655 989 tu,”
682 948 854 990 inquam,
886 935 1028 989 “Cato,
1059 945 1186 981 verbis
1216 944 1431 981 illustribus

270 1010 310 1041 et
340 1004 381 1040 id
412 1003 516 1049 quod
548 1006 604 1039 vis
631 1003 940 1039 declarantibus!
993 1002 1133 1047 Itaque
1162 1002 1259 1038 mihi
1289 1003 1431 1039 videris

272 1063 412 1099 Latine
447 1062 588 1099 docere
621 1061 908 1107 philosophiam
943 1066 984 1097 et
1018 1064 1053 1097 ei
1088 1064 1196 1106 quasi
1230 1064 1430 1097 civitatem

269 1121 383 1165 dare;
410 1134 509 1166 quae
539 1120 700 1165 quidem
726 1119 855 1156 adhuc
882 1122 1123 1165 peregrinari
1150 1120 1294 1156 Romae
1322 1120 1429 1156 vide-

269 1181 384 1216 batur
417 1192 491 1215 nec
525 1178 662 1215 offerre
697 1191 781 1214 sese
816 1181 958 1214 nostris
991 1179 1247 1223 sermonibus,
1280 1183 1322 1215 et
1354 1181 1428 1215 ista

268 1241 437 1274 maxime
476 1242 637 1282 propter
674 1237 850 1272 limatam
888 1236 1085 1281 quandam
1131 1242 1173 1273 et
1216 1250 1346 1273 rerum
1386 1242 1427 1274 et

268 1297 475 1333 verborum
494 1298 743 1331 tenuitatem.
793 1287 900 1338 (Scio
920 1298 1025 1331 enim
1047 1308 1131 1331 esse
1151 1295 1339 1340 quosdam
1360 1299 1426 1340 qui

270 1358 403 1400 quavis
422 1354 557 1398 lingua
578 1353 844 1399 philosophari
864 1356 1034 1398 possint3
1051 1354 1168 1390 nullis
1185 1357 1290 1390 enim
1307 1357 1425 1399 parti-

270 1413 455 1457 tionibus,
475 1412 592 1448 nullis
612 1411 906 1448 definitionibus
925 1417 1104 1457 utuntur,
1121 1416 1272 1458 ipsique
1289 1413 1427 1450 dicunt

271 1485 316 1507 ea
336 1484 377 1507 se
398 1470 514 1506 modo
535 1471 698 1515 probare
719 1470 860 1515 quibus
880 1475 1020 1507 natura
1036 1474 1155 1507 tacita
1172 1475 1428 1515 assentiatur3

270 1533 403 1574 itaque
424 1532 464 1564 in
484 1529 600 1565 rebus
621 1531 781 1564 minime
803 1529 975 1565 obscuris
991 1542 1070 1565 non
1085 1529 1233 1566 multus
1250 1535 1310 1566 est
1325 1530 1428 1575 apud

271 1601 336 1624 cos
357 1586 575 1623 disserendi
596 1580 735 1630 labor.)
793 1586 925 1632 Quare
946 1588 1112 1624 attendo
1132 1593 1173 1624 te
1195 1588 1368 1625 studiose
1390 1593 1432 1625 et

270 1658 542 1691 quaecumque
563 1645 678 1681 rebus
704 1648 750 1681 iis
777 1645 827 1681 de
859 1646 1000 1690 quibus
1032 1646 1095 1682 hic
1122 1660 1249 1683 sermo
1276 1652 1337 1684 est
1363 1661 1431 1684 no-

271 1706 377 1740 mina
415 1706 583 1748 imponis
621 1706 833 1739 memoriae
872 1704 1036 1748 mando3
1075 1705 1172 1741 mihi
1211 1708 1316 1742 enim
1356 1709 1432 1742 erit

269 1762 409 1798 iisdem
429 1764 513 1797 istis
534 1761 698 1797 fortasse
720 1764 795 1797 iam
819 1762 1022 1799 utendum.
1069 1763 1291 1800 Virtutibus
1311 1767 1432 1809 igitur

269 1822 485 1856 rectissime
507 1819 603 1855 mihi
624 1819 767 1856 videris
788 1825 829 1856 et
849 1820 898 1857 ad
919 1821 1248 1859 consuetudinem
1274 1828 1430 1860 nostrae

269 1880 454 1914 orationis
474 1880 568 1913 vitia
588 1880 761 1922 posuisse
789 1882 992 1915 contraria.
1053 1879 1170 1925 Quod
1197 1883 1302 1917 enim
1329 1884 1429 1917 vitu-

311 1971 468 2002 ²vllium
493 1981 616 2001 means
633 1973 807 2012 normally
824 1983 846 2002 a
863 1972 979 2004 defect
996 1984 1035 2004 or
1051 1973 1294 2015 imperfection
1313 1975 1433 2006 rather

269 2015 354 2044 than
372 2025 393 2044 a
411 2014 522 2044 moral
538 2013 663 2054 failing
680 2024 720 2045 οι·
736 2015 822 2045 vice.

376 2068 452 2100 258
