1615 2359
187 306 237 344 29

602 157 798 194 CICERO
830 157 904 194 DE
935 158 1154 197 FINIBUS

507 226 709 282 ‘pertinax
730 250 811 273 11011
832 249 898 274 ero
918 238 1084 284 tibique,
1108 240 1139 275 si
1160 237 1258 274 mihi
1277 239 1461 284 probabis

296 316 341 339 ea
354 316 454 348 quae
472 302 591 348 dices,
604 302 778 340 libenter
790 304 1018 341 assentiar.”
1051 295 1076 312 “
1091 304 1304 350 Probabo,’'
1320 307 1462 350 inquit,

296 361 450 406 “modo
480 372 555 406 ista
586 372 636 406 sis
667 372 868 415 aequitate
900 384 1018 416 quam
1049 371 1235 408 ostendis.
1295 371 1375 408 Sed
1405 373 1463 408 uti

295 439 471 472 oratione
488 441 682 482 perpetua
697 436 800 473 malo
821 449 938 481 quam
954 439 1198 483 interrogare
1214 442 1282 474 aut
1297 440 1464 474 interro-

295 238 468 281 inquam,
494 226 504 242 ζ

294 502 416 547 gari.’'
440 493 465 509 “
480 502 537 540 Ut
556 502 726 548 placet,''
748 505 919 548 inquam.
953 503 1054 540 Tum
1070 503 1201 540 dicere
1218 516 1377 541 exorsus
1391 508 1460 540 est.

352 569 420 605 IX.
453 559 476 576 ‘⁶
493 569 665 605 Primum
696 569 854 614 igitur,''
886 572 1027 615 inquit,
1059 560 1146 606 “sic
1175 583 1290 615 agam
1318 574 1363 606 ut
1391 572 1464 615 ipsi

296 638 446 672 auctori
472 635 586 672 huius
611 635 842 681 disciplinae
868 635 1019 681 placet:
1050 639 1287 673 constituam
1307 636 1402 682 quid
1424 637 1465 673 et

296 702 410 747 quale
432 704 482 738 sit
503 702 543 738 id
564 701 613 738 de
635 715 712 747 quo
732 705 968 748 quaerimus,
989 715 1069 739 non
1093 715 1170 748 quo
1194 705 1374 748 ignorare
1399 715 1466 739 vos

297 769 476 814 arbitrer,
494 769 564 805 sed
577 773 620 805 ut
635 771 786 806 ratione
802 774 843 806 et
858 772 917 806 via
932 769 1122 815 procedat
1135 772 1268 806 oratio.
1301 769 1466 815 Quaeri-

298 848 384 872 mus
411 837 532 880 igitur
556 835 651 881 quid
672 838 723 872 sit
744 840 966 872 extremum
988 841 1030 873 et
1049 835 1235 872 ultimum
1262 836 1466 880 bonorum,

299 901 404 947 quod
418 904 593 938 omnium
602 901 927 947 philosophorum
941 905 1140 939 sententia
1153 902 1232 939 tale
1247 902 1370 938 debet
1383 915 1468 939 esse

298 973 343 1005 ut
356 968 405 1005 ad
419 968 459 1005 id
473 971 603 1005 omnia
616 968 753 1005 referri
767 973 961 1014 oporteat,
974 971 1101 1015 ipsum
1115 973 1250 1005 autem
1262 981 1466 1014 nusquam.

302 1035 390 1072 Hoc
430 1035 622 1080 Epicurus
660 1037 701 1071 in
735 1035 938 1081 voluptate
973 1038 1099 1081 ponit,
1133 1034 1239 1081 quod
1272 1048 1467 1072 summum

298 1102 447 1138 bonum
463 1114 548 1138 0550
564 1101 649 1138 vult
665 1114 941 1147 summumque
958 1101 1106 1139 malum
1121 1101 1318 1146 dolorem3
1347 1101 1466 1147 idque

300 1171 473 1206 instituit
489 1168 631 1205 docere
648 1171 723 1205 sic:
754 1169 885 1206 Omne
902 1168 1046 1205 animal
1063 1168 1178 1205 simul
1193 1173 1312 1214 atque
1328 1173 1465 1205 natum

300 1238 351 1273 sit
382 1235 628 1281 voluptatem
660 1240 849 1281 appetere
882 1248 1006 1281 eaque
1036 1235 1210 1281 gaudere
1241 1240 1287 1272 ut
1315 1247 1467 1272 summo

299 1302 417 1347 bono,
435 1301 612 1338 dolorem
633 1304 833 1347 aspernari
853 1306 898 1338 ut
914 1315 1111 1338 summum
1126 1301 1273 1338 malum
1290 1306 1331 1338 et
1347 1314 1468 1347 quan-

301 1374 387 1406 tum
408 1371 531 1415 possit
550 1382 571 1404 a
592 1381 633 1405 se
655 1368 870 1414 repellere;
899 1368 1019 1413 idque
1046 1367 1176 1405 facere
1203 1368 1381 1405 nondum
1401 1367 1470 1404 de-

301 1441 519 1482 pravatum,
540 1438 623 1481 ipsa
643 1439 783 1472 natura
804 1438 1031 1480 incorrupte
1052 1439 1171 1480 atque
1192 1437 1348 1480 integre
1369 1434 1469 1471 iudi-

301 1507 427 1540 cante.
504 1501 643 1547 Itaque
691 1506 813 1547 negat
861 1514 957 1548 opus
1006 1514 1090 1538 esse
1137 1504 1290 1538 ratione
1337 1513 1468 1546 neque

301 1569 570 1615 disputatione
610 1568 866 1613 quamobrem
903 1568 1083 1614 voluptas
1131 1567 1368 1614 expetenda,
1407 1567 1467 1603 fu-

299 1635 468 1681 giendus
504 1635 614 1671 dolor
648 1638 708 1671 sit.
770 1635 918 1672 Sentiri
950 1628 1071 1671 haec1
1099 1639 1227 1680 putat,
1260 1638 1306 1670 ut
1339 1633 1467 1670 calere

300 1705 448 1748 ignem,
469 1704 601 1738 nivem
632 1714 717 1738 esse
747 1701 889 1746 albam,
913 1701 994 1738 mel
1024 1700 1153 1746 dulce,
1174 1713 1340 1746 quorum
1368 1699 1467 1736 nihil

298 1773 482 1815 oportere
522 1770 726 1812 exquisitis
774 1767 991 1804 rationibus
1030 1766 1272 1811 confirmare,
1310 1771 1467 1802 tantum

299 1837 392 1872 satis
414 1847 499 1871 0550
519 1833 744 1871 admonere.
777 1825 995 1878 (Interesse
1016 1835 1123 1870 enim
1138 1835 1244 1870 inter
1258 1845 1468 1877 argumen-

298 1907 384 1938 tum
413 1900 786 1946 conclusionemque
816 1902 978 1937 rationis
1013 1904 1055 1937 et
1088 1902 1193 1936 inter
1226 1899 1466 1936 mediocrem

297 1967 678 2004 animadversionem
690 1972 810 2013 atque
823 1966 1135 2004 admonitionem
1148 1979 1155 2003 :
1176 1966 1300 2003 altera
1312 1964 1466 2002 occulta

516 2048 620 2082 'haec
632 2049 681 2087 A3
698 2048 759 2082 hoc
775 2049 869 2084 Mdv.
889 2049 973 2081 with
990 2049 1092 2081 other
1108 2048 1199 2080 MSS

407 2104 455 2137 32
655 2117 660 2120 ·
