1574 2364
197 378 239 412 31

202 1707 249 1739 32

584 103 780 140 CICERO
813 102 886 139 DE
917 101 1136 140 FINIBUS

274 185 476 222 interdum
497 197 587 221 cum
608 186 662 220 ita
683 183 831 227 dicant,
848 185 879 220 si
899 182 948 219 ad
969 182 1077 219 illam
1090 185 1211 220 vitam
1232 195 1332 228 quae
1353 195 1441 220 cum

275 252 421 284 virtute
449 247 619 292 degatur
645 245 820 291 ampulla
845 250 915 283 aut
944 245 1106 291 strigilis
1134 245 1311 290 accedat,
1336 259 1440 282 sum-

276 316 436 357 pturum
452 312 675 356 sapientem
692 322 779 346 eam
796 311 916 345 vitam
933 311 1064 354 potius
1080 322 1157 355 quo
1173 308 1271 345 haec
1288 308 1443 345 adiecta

275 377 356 411 sint
376 387 450 411 nec
470 373 688 410 beatiorem
708 377 845 408 tamen
861 372 910 408 ob
932 385 1019 408 eam
1039 385 1195 408 causam
1215 371 1309 408 fore.
1354 372 1441 408 Hoc

276 437 402 475 simile
432 435 596 473 tandem
626 436 718 473 est?
748 448 828 472 non
845 431 934 472 'risu
962 438 1092 480 potius
1120 448 1237 480 quam
1266 437 1441 472 oratione

277 500 525 538 eiciendum?
585 499 775 545 Ampulla
803 501 909 535 enim
937 501 989 534 sit
1009 511 1137 535 necne
1164 501 1229 544 sit,
1251 501 1338 544 quis
1364 511 1444 535 non

276 568 359 601 iure
391 566 542 609 optimo
573 562 784 599 irrideatur
814 564 845 598 si
873 561 1055 598 laboret?
1113 561 1170 598 At
1198 574 1290 599 vero
1319 564 1445 608 pravi-

276 619 382 664 tatel
402 626 671 663 membrorum
693 630 735 662 et
755 627 930 661 cruciatu
952 624 1133 661 dolorum
1158 627 1190 661 si
1217 627 1304 670 quis
1326 638 1444 670 quem

276 691 395 735 levet,
417 702 602 735 magnam
623 692 732 725 ineat
752 691 941 733 gratiam3
970 701 1044 724 nec
1065 690 1096 724 si
1116 680 1202 724 ille²
1222 690 1376 733 sapiens
1396 687 1446 724 ad

277 756 436 791 tortoris
464 752 646 789 eculeum
674 765 696 787 a
724 756 894 796 tyranno
922 754 977 788 ire
1004 756 1168 796 cogatur
1188 751 1356 788 similem
1377 751 1446 787 ha-

277 819 370 855 beat
404 816 558 853 vultum
597 820 640 852 et
678 818 709 852 si
748 814 963 860 ampullam
1003 814 1255 859 perdidisset,
1291 814 1361 851 sed
1402 819 1446 851 ut

278 894 465 926 magnum
491 885 532 917 et
556 879 713 916 difficile
743 883 945 915 certamen
975 880 1116 922 iniens,
1138 891 1227 914 cum
1255 878 1327 914 sibi
1357 891 1446 914 cum

278 944 437 990 capitali
475 943 710 986 adversario,
744 941 893 986 dolore,
925 940 1239 986 depugnandum
1279 940 1447 983 videret,

278 1011 472 1046 excitaret
501 1019 638 1043 omnes
667 1008 840 1042 rationes
875 1004 1120 1041 fortitudinis
1154 1018 1199 1041 ac
1230 1007 1448 1050 patientiae

278 1084 443 1117 quarum
472 1069 667 1115 praesidio
697 1071 817 1105 iniret
847 1067 1003 1105 difficile
1039 1067 1138 1104 illud
1173 1072 1219 1104 ut
1252 1067 1334 1104 dixi
1365 1081 1446 1104 ma·

278 1146 480 1180 gnumque
516 1132 721 1178 proelium.
782 1130 940 1168 Deinde
979 1144 1059 1167 non
1094 1133 1318 1176 quaerimus
1351 1131 1446 1176 quid

279 1198 510 1233 obscuretur
539 1200 608 1231 aut
637 1197 809 1230 intereat
839 1196 930 1239 quia
956 1196 1008 1230 sit
1033 1193 1246 1230 admodum
1271 1206 1447 1239 parvum,

279 1260 349 1298 sed
370 1259 465 1305 quid
486 1258 565 1295 tale
586 1261 637 1294 sit
658 1262 703 1294 ut
724 1256 884 1302 expleat
904 1270 1108 1293 summam.
1157 1256 1246 1293 Una
1266 1256 1446 1302 voluptas

280 1337 301 1360 e
323 1322 456 1359 multis
476 1322 706 1358 obscuratur
726 1323 766 1356 in
786 1319 853 1355 illa
870 1322 949 1355 vita
965 1319 1207 1365 voluptaria3
1227 1319 1296 1356 sed
1312 1325 1447 1358 tamen

281 1400 338 1431 ea,
360 1387 536 1431 quamvis
557 1397 675 1430 parva
695 1386 758 1428 sit,
780 1395 867 1428 pars
889 1387 950 1419 est
970 1384 1053 1419 eius
1074 1385 1178 1419 vitae
1199 1396 1300 1428 quae
1320 1387 1447 1429 posita

281 1455 342 1487 est
362 1452 402 1485 in
423 1448 636 1493 voluptate.
698 1446 893 1482 Nummus
914 1448 954 1481 in
976 1445 1108 1482 Croesi
1133 1445 1281 1482 divitiis
1308 1447 1446 1484 obscu-

280 1518 401 1557 ratur,
417 1524 504 1557 pars
525 1515 587 1547 est
607 1515 741 1546 tamen
758 1509 994 1545 divitiarum.
1038 1508 1170 1553 Quare
1188 1509 1448 1547 obscurentur

282 1579 402 1619 etiam
423 1574 520 1610 haec
541 1586 641 1618 quae
663 1572 882 1609 secundum
902 1576 1085 1608 naturam
1114 1584 1199 1608 esse
1220 1571 1387 1610 dicimus
1407 1575 1446 1609 in

282 1642 360 1674 vita
380 1638 509 1680 beata,
530 1639 609 1673 sint
629 1635 747 1672 modo
767 1640 899 1681 partes
920 1637 1024 1671 vitae
1045 1635 1197 1672 beatae.

335 1700 449 1737 XIII.
482 1690 646 1744 “Atqui
677 1701 721 1743 si,
754 1703 799 1734 ut
833 1700 1044 1734 convenire
1074 1697 1198 1735 debet
1227 1700 1332 1735 inter
1359 1711 1445 1744 nos,

280 1769 342 1801 est
368 1762 563 1809 quaedam
588 1764 782 1807 appetitio
809 1760 999 1797 naturalis
1026 1773 1072 1797 ea
1098 1773 1199 1806 quae
1226 1759 1443 1798 secundum

281 1832 462 1865 naturam
493 1830 586 1863 sunt
612 1830 820 1871 appetens,
847 1838 983 1862 eorum
1015 1827 1191 1861 omnium
1223 1829 1285 1862 est
1315 1824 1444 1871 aliqua

406 1958 416 1977 ¹
430 1957 612 1999 pravitate
631 1955 789 1995 Bentley,
811 1953 924 1990 Mdv.;
943 1954 1128 1995 gravilate
1147 1953 1246 1985 MSS.

409 2001 422 2020 ²
436 2001 493 2031 ille
509 2010 576 2031 om.
597 1998 647 2037 E„
659 1998 753 2028 Mdv.
775 1997 955 2034 brackets,
976 1996 1102 2028 Miiller
1118 2007 1192 2038 cps.
1211 1998 1290 2035 §20-

389 2056 465 2089 334
