1615 2359
243 425 293 458 40

247 1057 290 1089 41

634 88 829 126 CICERO
861 88 936 125 DE
967 89 1186 127 FINIBUS

324 169 421 206 nihil
444 169 667 206 desiderare
689 181 850 206 manum
870 182 959 206 cum
979 172 1034 206 ita
1055 174 1160 207 esset
1179 170 1332 218 affecta,
1353 184 1493 209 secun·

324 233 417 269 dum
457 245 537 269 non
575 236 697 277 recte,
737 234 768 268 si
807 231 987 278 voluptas
1026 237 1132 270 esset
1172 233 1331 280 bonum,
1371 233 1491 272 fuisse

324 295 646 332 desideratur-am.
709 293 860 331 Idcirco
888 297 995 332 enim
1022 308 1102 332 non
1129 295 1375 334 desideraret
1401 311 1492 343 quia

324 358 430 404 quod
450 358 584 395 dolore
606 362 714 394 caret
734 357 774 393 id
795 360 835 393 in
856 357 1061 403 voluptate
1083 363 1154 395 est.

377 420 469 457 XII.
503 411 527 427 ζ(
541 420 775 457 Extremum
791 425 926 457 autem
942 434 1027 457 esse
1040 421 1232 458 bonorum
1244 422 1491 469 voluptatem

324 498 372 521 ex
399 484 473 521 hoc
505 483 691 519 facillime
717 486 885 529 perspici
911 488 1065 529 potest:
1096 484 1391 523 Constituamus
1420 485 1492 522 ali·

323 560 441 593 quem
467 549 634 591 magnis,
654 546 803 592 multis,
830 549 1035 592 perpetuis
1061 546 1264 584 fruentem
1292 553 1334 585 et
1360 551 1491 585 animo

323 616 365 647 ct
385 622 545 655 corpore
562 609 843 654 voluptatibus,
860 609 970 645 nullo
991 609 1127 646 dolore
1148 624 1223 646 nec
1244 611 1490 657 impediente

324 686 397 709 nec
414 672 695 718 impendente3
725 684 842 717 quem
860 672 1023 708 tandem
1038 671 1112 708 hoc
1129 678 1233 710 statu
1247 675 1493 720 praestabili-

326 749 434 773 orem
454 740 523 772 aut
546 737 670 780 magis
695 735 966 780 expetendum
992 738 1184 781 possimus
1211 737 1368 773 dicere?
1426 737 1493 774 In-

325 812 410 836 esse
443 801 549 835 enim
576 811 738 834 necesse
767 802 828 835 est
853 800 895 834 in
927 811 974 835 eo
1005 801 1073 844 qui
1103 801 1159 835 ita
1185 802 1237 836 sit
1261 799 1425 837 affectus
1452 805 1494 837 et

325 862 554 899 firmitatem
574 863 695 898 animi
714 873 790 898 nec
815 866 986 898 mortem
1006 874 1080 898 nec
1101 862 1279 899 dolorem
1299 865 1493 909 timentis,

325 925 431 971 quod
451 937 555 961 mors
576 937 693 960 sensu
715 928 859 970 careat,
874 923 985 961 dolor
1005 926 1046 961 in
1066 924 1361 971 longinquitate
1381 925 1491 971 levis,

325 992 367 1025 in
386 990 582 1033 gravitate
602 987 730 1024 brevis
752 987 876 1023 soleat
897 999 995 1032 esse,
1011 992 1057 1024 ut
1073 988 1494 1033 eius'magnitudinem

326 1051 519 1096 celeritas,
541 1050 846 1086 diuturnitatem
866 1049 1304 1088 allevatio‘consoletur.
1363 1051 1426 1088 Ad
1448 1064 1494 1088 ea

327 1127 417 1151 cum
442 1113 598 1150 accedit
624 1117 670 1149 ut
695 1125 826 1159 neque
853 1112 1031 1150 divinum
1057 1126 1207 1150 numen
1232 1113 1392 1152 horreat
1419 1127 1494 1152 nec

327 1179 562 1225 praeteritas
601 1176 827 1222 voluptates
866 1176 1023 1212 effluere
1061 1179 1234 1223 patiatur
1282 1190 1495 1223 earumque

327 1240 482 1278 assidua
520 1239 794 1276 recordatione
833 1238 1020 1284 laetetur,
1055 1239 1151 1285 quid
1185 1244 1246 1277 est
1279 1240 1385 1286 quod
1418 1240 1496 1277 huc

328 1306 463 1350 possit,
485 1315 562 1348 quo
582 1302 723 1338 melius
744 1294 826 1347 sit,1
846 1301 1061 1339 accedere?
1110 1302 1251 1340 Statue
1268 1308 1406 1340 contra
1426 1303 1495 1340 ali-

329 1379 448 1413 quem
475 1365 701 1402 confectum
729 1367 850 1402 tantis
877 1367 998 1401 animi
1022 1368 1273 1411 corporisque
1297 1365 1496 1403 doloribus

328 1431 470 1476 quanti
490 1431 531 1464 in
544 1427 748 1464 hominem
767 1429 927 1463 maximi
948 1427 1090 1464 cadere
1102 1432 1282 1474 possunt,
1301 1427 1410 1465 nulla
1425 1441 1495 1474 spe

328 1494 528 1539 proposita
566 1490 650 1527 fore
697 1489 821 1526 levius
868 1489 1093 1536 aliquando,
1140 1490 1250 1527 nulla
1288 1496 1496 1537 praeterea

329 1567 459 1601 neque
488 1556 689 1600 praesenti
718 1566 792 1590 nec
822 1558 1052 1599 exspectata
1080 1553 1305 1599 voluptate3
1332 1553 1427 1600 quid
1448 1566 1494 1591 eo

329 1620 508 1655 miserius
521 1617 598 1654 dici
611 1621 679 1652 aut
692 1616 787 1662 fingi
806 1617 963 1662 potest?
1021 1615 1139 1662 Quod
1154 1619 1186 1653 si
1201 1619 1282 1653 vita
1296 1616 1495 1654 doloribus

330 1681 478 1719 referta
515 1682 685 1716 maxime
733 1678 923 1724 fugienda
962 1683 1035 1724 est,
1074 1692 1271 1716 summum
1317 1679 1497 1725 profecto

328 1744 476 1781 malum
497 1748 558 1780 est
571 1745 701 1779 vivere
722 1755 811 1778 eum
828 1742 982 1786 dolore3
1012 1744 1076 1778 cui
1090 1744 1315 1779 sententiae
1331 1751 1496 1779 consen-

330 1813 494 1844 taneum
526 1810 587 1843 est
617 1805 802 1841 ultimum
836 1817 921 1842 esse
952 1805 1145 1842 bonorum
1171 1817 1260 1842 cum
1290 1804 1496 1851 Voluptate

328 1872 471 1906 vivere.
531 1868 617 1905 Nec
639 1869 744 1904 enim
765 1866 887 1904 habet
909 1872 1041 1904 nostra
1060 1879 1173 1904 mens
1193 1868 1407 1913 quidquam
1428 1867 1494 1905 ubi

375 1985 459 2027 ¹quo
476 1985 599 2017 melius
613 1985 663 2016 sit
678 1984 824 2021 mallem
848 1984 942 2026 quod
954 1984 1079 2016 melius
1091 1984 1141 2015 sit
1154 1984 1248 2016 Mdv.
1265 1984 1348 2015 with
1364 1984 1465 2017 MSS.

437 2041 487 2073 44
