1574 2364
552 141 747 178 CICERO
779 140 853 177 DE
884 140 1103 180 FINIBUS

243 227 311 259 aut
342 222 391 258 ad
418 235 498 258 non
526 221 742 258 dolendum
769 226 838 257 aut
863 221 913 258 ad
940 224 1064 267 prima
1094 222 1160 258 illa
1191 223 1409 260 secundum

243 283 423 314 naturam
444 277 672 313 obtinenda.

298 324 323 339 ‘⁶
336 333 534 378 Expositis
554 335 631 368 iam
651 334 772 377 igitur
791 344 859 368 sex
880 331 930 368 de
950 344 1103 368 summo
1123 333 1227 369 bono
1247 338 1408 370 senten-

242 390 320 432 tiis,
341 390 460 423 trium
481 390 745 433 proximarum
771 386 812 422 hi
839 389 1055 432 principes:
1085 387 1298 433 voluptatis
1319 389 1407 425 Ari-

242 446 409 488 stippus,
436 456 516 478 non
537 442 699 478 dolendi
726 442 1009 487 Hieronymus,
1030 441 1189 478 fruendi
1214 443 1332 480 rebus
1362 446 1408 481 iis

243 511 337 542 quas
357 500 501 543 primas
521 497 739 534 secundum
762 502 943 533 naturam
965 510 1050 533 esse
1070 497 1239 534 diximus
1264 498 1408 535 Carne-

242 553 336 589 ades
356 566 436 588 non
459 552 526 588 ille
547 552 708 597 quidem
731 557 868 587 auctor
891 552 961 588 sed
983 552 1168 588 defensor
1188 552 1407 590 disserendi

242 621 356 644 causa
377 607 460 644 fuit.
514 608 743 652 Superiores
762 612 843 643 tres
865 612 978 643 erant
998 620 1097 652 quae
1119 620 1204 643 esse
1224 613 1406 653 possent3

241 676 405 708 quai-um
444 667 505 699 est
542 676 620 698 una
657 662 738 698 sola
771 661 935 698 defensa
974 675 1098 707 eaque
1132 661 1403 700 vehementer.

242 718 344 754 Nam
366 717 577 762 voluptatis
594 730 709 753 causa
724 716 854 753 facere
871 719 1000 753 onmia
1017 730 1119 761 cum,
1137 720 1291 754 etiamsi
1307 717 1403 754 nihil

241 786 538 818 consequamur,
549 778 683 809 tamen
697 775 825 817 ipsum
838 771 936 808 illud
951 772 1156 808 consilium
1170 775 1225 808 ita
1234 772 1405 809 faciendi

241 841 311 873 per
331 841 372 864 se
394 827 665 873 expetendum
687 832 728 863 et
749 827 961 863 honestum
978 832 1020 863 et
1036 827 1160 863 solum
1178 828 1324 864 bonum
1341 831 1403 873 sit,

240 896 358 919 nemo
387 883 498 919 dixit.
560 882 620 918 Ne
651 885 885 918 vitationem
917 882 1077 927 quidem
1110 881 1254 918 doloris
1281 885 1405 928 ipsam

240 951 310 984 per
340 951 381 974 se
413 940 618 982 quisquam
653 940 693 973 in
728 937 844 973 rebus
877 937 1112 982 expetendis
1143 940 1299 982 putavit
1329 941 1403 974 nisi

240 996 360 1029 etiam
382 996 529 1028 evitare
551 997 693 1037 posset.
754 993 809 1027 At
830 1005 922 1028 vero
942 991 1072 1028 facere
1097 995 1227 1028 onmia
1250 997 1296 1028 ut
1320 993 1401 1029 adi-

239 1052 434 1094 piscamur
465 1060 564 1092 quae
597 1047 815 1083 secundum
847 1051 1028 1082 naturam
1056 1052 1148 1083 sunt
1175 1049 1328 1083 etiamsi
1356 1061 1402 1084 ea

239 1116 317 1139 non
339 1115 603 1147 assequamur,
625 1102 665 1138 id
691 1114 775 1138 esse
803 1106 845 1138 et
871 1101 1083 1138 honestum
1111 1107 1152 1138 et
1179 1101 1304 1138 solum
1331 1115 1402 1148 per

239 1172 279 1194 se
301 1157 571 1203 expetendum
594 1162 634 1193 et
655 1157 780 1193 solum
802 1157 948 1193 bonum
970 1157 1092 1193 Stoici
1112 1157 1261 1193 dicunt.

294 1213 404 1248 VIII.
438 1204 549 1249 “Sex
576 1215 696 1256 igitur
723 1211 797 1248 hae
826 1216 918 1248 sunt
945 1211 1142 1257 simplices
1170 1212 1220 1248 de
1248 1225 1400 1248 summa

238 1269 428 1304 bonorum
449 1267 719 1312 malorumque
741 1270 978 1311 sententiae,
999 1267 1100 1303 duae
1121 1269 1204 1303 sine
1221 1272 1399 1312 patrono,

238 1328 424 1368 quattuor
444 1321 643 1358 defensae.
706 1321 869 1357 Iunctae
897 1326 1031 1358 autem
1059 1327 1100 1358 et
1127 1321 1305 1367 duplices
1333 1335 1398 1358 ex-

237 1381 451 1424 positiones
473 1380 613 1413 summi
634 1377 726 1412 boni
748 1381 828 1412 tres
849 1380 1008 1412 omnino
1025 1376 1200 1421 fuerunt,
1218 1390 1291 1413 nec
1308 1390 1400 1413 vero

238 1433 381 1479 plures,
404 1435 433 1468 si
454 1435 613 1477 penitus
634 1444 764 1467 rerum
785 1436 966 1467 naturam
987 1430 1133 1476 videas,
1154 1444 1239 1468 esse
1261 1437 1399 1477 potue-

236 1493 338 1524 runt.
400 1487 502 1523 Nam
522 1491 590 1522 aut
610 1486 789 1531 voluptas
809 1485 970 1531 adiungi
991 1491 1124 1531 potest
1143 1487 1193 1522 ad
1214 1486 1398 1523 honesta-

236 1549 331 1587 tem,
347 1547 390 1578 ut
405 1541 646 1587 Calliphonti
661 1541 987 1586 Dinomachoque
1000 1541 1239 1586 placuit,aut
1253 1541 1397 1578 doloris

234 1601 420 1641 vacuitas,
441 1602 486 1633 ut
508 1596 695 1640 Diodoro,
711 1601 780 1632 aut
801 1598 926 1641 prima
946 1601 1124 1641 naturae,
1146 1601 1191 1632 ut
1210 1599 1395 1642 antiquis,

234 1666 329 1698 quos
343 1652 503 1689 eosdem
517 1651 774 1687 Academicos
789 1656 830 1687 et
844 1651 1127 1696 Peripateticos
1136 1654 1393 1688 nominamus.

276 1737 390 1767 aThis
414 1736 443 1766 is
467 1735 651 1775 obviously
676 1735 864 1771 incorrect;
898 1734 952 1765 for
974 1735 1100 1766 formal
1124 1736 1393 1776 completeness,

233 1779 442 1812 Carneades
466 1779 579 1819 ought
606 1783 642 1809 to
668 1779 757 1808 have
785 1778 887 1808 made
913 1779 972 1808 six
995 1778 1189 1819 composite
1214 1778 1323 1815 Ends,
1349 1778 1395 1818 by

232 1823 437 1862 combining
454 1822 621 1862 Morality
637 1821 721 1851 with
739 1822 796 1851 the
815 1822 963 1861 pur-suit
984 1821 1025 1851 of
1043 1822 1130 1852 each
1156 1821 1196 1852 of
1212 1822 1271 1852 the
1294 1822 1393 1852 three

231 1867 388 1907 primary
405 1863 540 1906 objects
557 1864 597 1895 of
608 1864 723 1895 desire
740 1875 781 1894 as
799 1865 875 1894 well
892 1874 934 1895 as
951 1865 1036 1894 with
1053 1865 1144 1895 their
1158 1864 1390 1900 attainment;

230 1911 292 1940 but
306 1920 349 1940 no
367 1908 475 1939 doubt
492 1912 528 1939 at
546 1908 616 1938 this
633 1908 730 1948 point
747 1908 788 1937 he
802 1907 861 1937 felt
876 1908 934 1937 the
948 1909 1122 1948 unreality
1132 1907 1171 1939 of
1183 1908 1236 1937 his
1250 1908 1390 1938 scheme

229 1954 298 1983 and
324 1952 420 1983 drew
443 1951 549 1988 back,
577 1951 671 1981 since
698 1951 877 1991 Morality,
896 1951 1092 1991 according
1113 1955 1149 1981 to
1173 1950 1388 1991 Aristippus,

229 1996 402 2036 Epicurus
419 1994 490 2025 and
507 1996 564 2025 the
582 1994 697 2025 Stoics
714 2004 786 2024 was
809 1994 867 2024 the
891 1994 1028 2034 pursuit
1051 1994 1091 2025 of
1109 1995 1283 2035 pleasure,
1302 1994 1390 2025 free-

228 2039 309 2070 dom
326 2039 414 2069 from
433 2038 528 2078 pain,
547 2037 617 2069 and
635 2038 694 2069 the
711 2038 850 2068 natural
868 2037 981 2077 goods
999 2037 1243 2078 respectively.

333 2094 410 2124 412
