1615 2359
634 118 829 156 CICERO
861 119 934 155 DE
966 117 1185 156 FINIBUS

325 202 511 237 consistat
529 204 730 244 tamquam
744 201 784 235 in
801 204 993 244 extremo,
1010 212 1225 245 omnesque
1244 204 1284 236 et
1305 204 1434 237 metus
1451 205 1493 237 et

324 266 594 311 aegritudines
623 265 674 302 ad
706 265 883 302 dolorem
912 264 1154 310 referuntur,
1181 279 1256 302 nec
1286 271 1494 311 praeterea

325 338 385 369 est
405 346 466 369 res
487 332 566 369 ulla
588 344 688 377 quae
709 344 777 368 sua
798 336 938 368 natura
958 336 1026 368 aut
1046 332 1258 369 sollicitare
1280 336 1403 378 possit
1423 337 1492 369 aut

324 412 481 444 angere.

380 458 403 473 ’ἶ
419 466 629 502 Praeterea
650 470 691 502 et
711 464 928 511 appetendi
950 469 992 501 et
1012 464 1238 510 refugiendi
1265 471 1307 503 et
1333 468 1494 503 omnino

325 546 455 570 rerum
482 532 749 578 gerendarum
776 534 889 567 initia
915 531 1216 576 proficiscuntur
1242 537 1311 569 aut
1335 546 1358 568 a
1384 533 1492 569 volu-

324 605 435 645 ptate
463 604 532 635 aut
558 612 581 634 a
607 598 753 635 dolore.
807 597 925 643 Quod
952 611 1042 634 cum
1068 601 1124 634 ita
1151 601 1213 644 sit,
1242 602 1493 645 perspicuum

327 671 387 703 est
411 679 548 703 omnes
578 670 706 702 rectas
732 678 793 701 res
817 670 938 710 atque
963 664 1182 702 laudabiles
1207 679 1253 702 eo
1281 666 1419 702 referri
1449 671 1494 703 ut

327 747 416 770 cum
436 733 641 778 voluptate
668 734 832 768 vivatur.
894 731 1092 777 Quoniam
1116 737 1252 769 autem
1279 733 1319 769 id
1348 738 1409 769 est
1433 733 1494 769 vel

327 813 523 837 summum
545 799 607 836 vel
628 799 813 835 ultimum
827 798 889 835 vel
911 804 1135 835 extremum
1156 800 1348 836 bonorum
1370 793 1494 845 (quod

327 867 468 903 Graeci
489 865 598 905 τέλος
618 857 845 909 nominant)
865 865 971 911 quod
991 867 1119 911 ipsum
1140 866 1290 902 nullam
1310 866 1358 903 ad
1380 866 1495 903 aliam

326 947 422 978 rem,
439 933 488 969 ad
509 933 549 969 id
564 937 700 969 autem
720 945 782 969 res
799 931 1026 969 referuntur
1042 945 1193 978 omnes,
1209 932 1417 970 fatendum
1435 937 1495 970 est

325 1013 521 1037 summum
543 1012 627 1036 esse
648 1000 797 1035 bonum
818 998 990 1035 iucunde
1011 1001 1153 1036 vivere.

380 1067 493 1103 XIII.
528 1057 552 1073 “
567 1066 614 1103 Id
636 1068 703 1111 qui
722 1068 764 1102 in
784 1079 862 1102 una
882 1068 1029 1102 virtute
1050 1070 1205 1111 ponunt
1226 1070 1267 1103 et
1283 1066 1492 1112 splendore

326 1136 493 1170 nominis
519 1135 624 1178 capti
648 1132 743 1177 quid
767 1136 908 1168 natura
931 1131 1109 1177 postulet
1131 1145 1212 1168 non
1238 1132 1494 1178 intellegunt,

327 1213 458 1237 errore
480 1202 662 1243 maximo,
685 1202 715 1235 si
738 1199 952 1244 Epicurum
973 1199 1108 1235 audire
1126 1199 1334 1244 voluerint,
1355 1199 1496 1236 libera·

327 1268 484 1303 buntur.
548 1266 652 1302 Istae
688 1267 794 1302 enim
828 1269 982 1302 vestrae
1023 1267 1190 1302 eximiae
1228 1265 1495 1311 pulchraeque

327 1337 493 1370 virtutes
539 1335 613 1368 nisi
653 1332 898 1377 voluptatem
942 1332 1156 1377 efficerent,
1196 1334 1282 1378 quis
1325 1345 1390 1369 eas
1428 1337 1496 1368 aut

326 1400 543 1437 laudabiles
577 1404 646 1435 aut
681 1398 926 1444 expetendas
960 1399 1242 1435 arbitraretur?
1302 1399 1358 1436 Ut
1389 1402 1495 1435 enim

326 1467 569 1504 medicorum
607 1468 813 1502 scientiam
852 1478 931 1502 non
970 1467 1090 1511 ipsius
1128 1468 1222 1502 artis
1260 1465 1330 1502 sed
1369 1466 1494 1502 bonae

327 1533 563 1570 valetudinis
584 1545 699 1568 causa
719 1532 940 1578 probamus,
962 1536 1003 1568 et
1023 1531 1298 1576 gubernatoris
1317 1545 1389 1576 ars,
1404 1534 1493 1577 quia

327 1601 429 1636 bene
462 1598 673 1644 navigandi
704 1601 898 1634 rationem
929 1597 1064 1643 habet,
1089 1598 1275 1643 utilitate,
1299 1611 1379 1634 non
1407 1603 1493 1635 arte

327 1666 520 1710 laudatur,
542 1668 595 1701 sic
616 1667 821 1710 sapientia,
843 1677 943 1709 quae
964 1677 1024 1700 ars
1045 1664 1204 1701 vivendi
1224 1664 1400 1710 putanda
1420 1669 1495 1710 est,

326 1746 405 1769 non
445 1737 702 1777 expeteretur
733 1734 764 1767 si
798 1731 897 1767 nihil
933 1731 1125 1776 efficeret3
1159 1744 1264 1767 nune
1294 1734 1495 1776 expetitur

326 1798 431 1844 quod
463 1803 523 1834 est
552 1803 753 1842 tamquam
780 1797 924 1834 artifex
953 1797 1245 1842 conquirendae
1270 1802 1312 1834 et
1338 1810 1493 1843 compa-

246 1871 295 1903 43
327 1865 472 1902 randae
503 1864 727 1909 voluptatis.
789 1855 937 1908 (Quam
966 1868 1102 1900 autem
1129 1876 1203 1908 ego
1230 1862 1359 1900 dicam
1385 1863 1493 1900 volu-

389 2015 405 2033 ἓ
418 2010 472 2040 i.c.
493 2009 574 2050 pain
592 2008 736 2049 osbody
753 2019 760 2038 :
784 2009 926 2039 dolorem
945 2009 1027 2039 here
1045 2008 1109 2039 has
1127 2007 1171 2039 its
1188 2007 1288 2039 sti-iet
1305 2017 1419 2039 sense.

434 2059 485 2096 46
