1574 2364
568 158 763 196 CICERO
794 157 868 194 DE
898 158 1118 196 FINIBUS

216 242 241 280 6
269 244 404 278 oratio.
486 239 644 275 Deinde
689 251 735 275 ea
777 251 878 284 quae
922 239 1180 283 requirebant
1217 242 1434 275 orationem

268 309 448 341 ornatam
480 308 521 338 et
551 314 725 346 gravem,
746 314 864 346 quam
893 301 1100 346 magnifice
1131 306 1224 337 sunt
1253 301 1359 338 dicta
1387 303 1436 338 ab

269 367 359 411 illis,
375 379 493 411 quam
514 363 743 410 splendide!
766 363 816 400 de
837 366 999 408 iustitia,
1016 364 1066 400 de
1089 367 1366 410 temperantia,
1386 364 1436 401 de

269 429 517 472 fortitudine,
539 427 588 464 de
609 430 794 471 amicitia,
814 427 864 462 de
893 431 1026 463 aetate
1056 427 1252 472 degenda,
1274 427 1324 464 de
1351 427 1437 473 phi-

270 492 460 538 losophia,
494 491 544 527 de
577 489 819 535 capessenda
851 502 893 526 re
921 489 1090 535 publica,
1112 490 1317 526 hominum
1338 483 1436 527 nec¹

269 559 400 601 spinas
436 554 684 598 vellentium,
716 558 761 589 ut
794 553 929 597 Stoici,
964 566 1038 589 nec
1070 566 1154 589 ossa
1186 553 1436 599 nudantium,

269 619 339 655 sed
379 631 515 655 eorum
555 620 621 662 qui
659 616 825 662 grandia
857 621 995 652 ornate
1027 616 1190 661 vellent,
1226 616 1435 653 enucleate

269 685 420 717 minora
451 681 594 717 dicere.
656 679 796 724 Itaque
831 691 931 724 quae
966 684 1059 715 sunt
1093 692 1228 715 eorum
1261 679 1434 715 consola-

270 748 412 789 tiones,
445 756 545 789 quae
581 742 887 786 cohortationes,
922 755 1022 787 quae
1058 745 1178 778 etiam
1210 745 1359 778 monita
1394 748 1435 780 et

271 807 433 843 consilia
463 809 608 851 scripta
637 805 686 841 ad
717 818 888 841 summos
909 805 1028 841 viros!
1089 805 1183 841 Erat
1205 808 1311 841 enim
1330 806 1435 851 apud

270 883 350 915 eos,
367 875 411 906 ut
432 875 493 905 est
514 882 646 905 rerum
666 871 837 913 ipsarum
860 873 1013 912 natura,
1029 870 1082 904 sic
1104 868 1263 904 dicendi
1288 872 1435 905 exerci-

270 936 370 969 tatio
391 932 549 977 duplex.
592 931 694 967 Nam
716 931 908 976 quidquid
930 934 1143 975 quaeritur,
1166 931 1206 967 id
1228 931 1349 968 habet
1368 937 1438 968 aut

270 998 429 1041 generis
462 998 585 1040 ipsius
620 997 703 1030 sine
734 996 911 1039 personis
942 994 1266 1039 temporibusque
1293 1000 1362 1030 aut
1392 998 1437 1031 iis

270 1059 467 1095 adiunctis
494 1057 589 1093 facti
609 1062 677 1092 aut
705 1059 797 1092 iuris
823 1061 892 1092 aut
919 1059 1088 1093 nominis
1116 1061 1433 1094 controversiam.

276 1122 377 1166 Ergo
416 1124 456 1156 in
496 1125 665 1164 utroque
705 1119 1014 1162 exercebantur;
1064 1133 1189 1164 eaque
1229 1120 1436 1166 disciplina

270 1184 402 1221 effecit
437 1188 595 1219 tantum
627 1182 783 1217 illorum
816 1187 984 1227 utroque
1017 1184 1057 1217 in
1091 1195 1240 1227 genere
1275 1183 1434 1219 dicendi

217 1250 238 1286 7
270 1249 432 1292 copiam.
489 1245 635 1281 Totum
664 1257 790 1289 genus
821 1244 895 1280 hoc
928 1245 1034 1280 Zeno
1056 1250 1097 1281 et
1118 1248 1183 1289 qui
1204 1246 1253 1281 ab
1275 1259 1322 1282 eo
1342 1252 1435 1283 sunt

268 1315 337 1346 aut
364 1322 445 1345 non
468 1312 686 1354 potuerunt
720 1300 852 1343 tueri²
881 1312 950 1343 aut
980 1307 1206 1352 noluerunt,
1235 1314 1343 1345 certe
1374 1323 1433 1346 re-

268 1373 482 1418 liquerunt.
543 1370 792 1415 Quamquam
832 1373 985 1415 scripsit
1024 1376 1151 1406 artem
1195 1371 1433 1409 rhetoricam

270 1434 497 1478 Cleanthes,
539 1433 780 1478 Chrysippus
821 1435 953 1476 etiam,
994 1433 1063 1468 sed
1103 1436 1156 1469 sic
1197 1439 1240 1469 ut
1279 1437 1309 1470 si
1349 1438 1434 1480 quis

269 1498 546 1534 obmutescere
574 1497 820 1540 concupierit
846 1494 945 1530 nihil
975 1494 1082 1531 aliud
1111 1495 1246 1540 legere
1276 1496 1432 1534 debeat.

273 1560 412 1605 Itaque
430 1559 538 1595 vides
555 1558 752 1603 quomodo
768 1557 996 1602 loquantur:
1017 1571 1117 1594 nova
1133 1560 1251 1595 verba
1267 1559 1433 1605 fingunt,

270 1623 463 1658 deserunt
494 1625 649 1657 usitata.
710 1621 766 1656 At
795 1625 942 1665 quanta
972 1622 1434 1659 conantu1·!—nmndum

271 1685 376 1721 hunc
408 1697 566 1720 omnem
593 1683 783 1729 oppidum
810 1696 895 1719 esse
925 1689 1113 1719 nostrum.
1166 1685 1285 1721 Vides
1313 1698 1433 1730 quan-

271 1752 353 1784 tam
383 1760 468 1782 rem
500 1751 592 1791 agat
623 1751 667 1782 ut
698 1746 856 1782 Circeiis
888 1749 954 1791 qui
982 1746 1138 1783 habitet
1167 1751 1296 1783 totum
1329 1748 1434 1785 hunc

271 1809 463 1846 mundum
484 1822 597 1845 suum
618 1811 877 1854 municipium
897 1822 981 1845 esse
1003 1812 1214 1846 existimet.
1249 1809 1434 1848 Incendit

447 1880 457 1899 ¹
470 1892 531 1912 nec
546 1881 688 1916 Mallem
706 1891 773 1910 non
793 1880 905 1916 Mdv.;
923 1881 962 1911 de
981 1881 1081 1911 MSS.

445 1922 558 1954 ‘ltuem'
573 1923 729 1954 inserted
748 1923 793 1963 by
811 1923 938 1962 Cobet,
960 1924 1054 1954 Mdv.
1075 1924 1191 1955 omits.

636 2063 642 2066 .
695 2039 788 2081 nep.
810 2040 876 2078 111,
895 2041 946 2079 64.

379 2091 457 2129 306
