1615 2359
261 645 280 678 <m

353 1923 358 1939 ¹
373 1922 600 1963 reprehendas
616 1922 711 1953 Mdv.
732 1923 815 1953 with
835 1924 861 1954 B
877 1935 885 1960 ;
902 1924 1004 1954 other
1021 1924 1122 1954 MSS.
1143 1924 1390 1965 apprehendas,

620 115 815 152 eiCERo
848 116 921 153 DE
952 96 1172 157 FiNIBUS

310 198 443 230 autem
465 193 717 239 philosophos
738 198 804 240 qui
829 199 1021 241 quaesivit
1040 198 1188 243 aliquid
1215 203 1341 244 tacet3
1371 200 1475 246 quod

311 267 471 312 quidem
492 271 568 304 iam
589 268 632 305 fit
653 273 770 305 etiam
792 273 832 306 in
852 271 1073 308 Academia.
1136 273 1213 309 Ubi
1234 276 1340 310 enim
1360 277 1391 311 is
1412 276 1478 319 qui

311 342 447 378 audire
482 342 568 380 vult
599 346 653 380 ita
684 343 805 381 dixit:
829 334 1044 391 ‘Voluptas
1075 347 1171 383 mihi
1202 348 1359 385 videtur
1393 361 1478 386 esse

312 430 507 454 summum
534 418 707 463 bonum‚'
730 425 922 465 perpetua
949 424 1125 458 oratione
1146 427 1283 459 contra
1303 422 1478 469 disputa-

312 496 388 537 tur,
402 497 447 529 ut
467 492 581 529 facile
598 493 779 539 intellegi
800 497 923 540 possit
938 508 1004 532 eos
1020 499 1085 540 qui
1102 495 1250 542 aliquid
1267 497 1338 533 sibi
1355 497 1477 534 videri

313 567 448 604 dicant
468 581 547 604 non
568 570 671 614 ipsos
691 571 731 605 in
753 582 799 606 ea
815 572 1015 607 sententia
1031 583 1115 607 esse
1137 571 1206 608 sed
1226 571 1361 608 audire
1377 571 1479 609 velle

311 645 516 679 contraria.
591 643 672 680 Nos
721 644 963 682 commodius
1010 647 1173 690 agimus.
1233 646 1324 682 Non
1372 649 1479 684 enim

313 716 439 753 solum
469 717 691 763 Torquatus
719 718 819 755 dixit
846 719 941 764 quid
965 722 1133 756 sentiret
1153 719 1222 757 sed
1249 723 1369 757 etiam
1399 733 1477 758 cur.

313 787 397 833 Ego
417 793 551 825 autem
571 790 750 834 arbitror,
771 802 1008 835 quamquam
1027 790 1240 827 admodum
1261 791 1481 829 delectatus

312 872 398 896 sum
419 862 501 896 eius
522 863 698 897 oratione
726 865 933 906 perpetua,
954 866 1088 898 tamen
1116 862 1370 907 commodius,
1391 876 1480 899 cum

312 933 352 966 in
373 931 489 967 rebus
510 931 673 976 singulis
701 934 856 968 insistas
884 937 925 968 et
955 932 1166 977 intellegas
1192 933 1287 978 quid
1316 936 1481 979 quisque

313 1001 517 1046 concedat,
539 1001 634 1047 quid
667 1002 828 1048 abnuat,
850 1016 898 1039 ex
930 1003 1046 1040 rebus
1075 1007 1268 1041 concessis
1298 1005 1479 1042 concludi

313 1072 418 1117 quod
439 1072 534 1109 velis
555 1077 596 1109 et
615 1072 665 1109 ad
687 1076 837 1110 exitum
858 1076 1064 1119 perveniri.
1109 1075 1207 1111 Cum
1228 1078 1333 1112 enim
1354 1075 1479 1112 fertur

313 1146 422 1188 quasi
457 1148 611 1181 torrens
642 1147 777 1189 oratio,
811 1148 986 1189 quamvis
1020 1145 1145 1182 multa
1183 1146 1479 1192 cuiusquemodi

314 1217 451 1260 rapiat,
483 1214 583 1251 nihil
607 1220 741 1252 tamen
772 1220 923 1260 teneas,
944 1216 1043 1252 nihil
1070 1209 1368 1262 reprehendas)
1389 1231 1480 1254 nus-

314 1298 430 1330 quam
452 1288 669 1322 orationem
691 1286 867 1331 rapidam
888 1300 1079 1323 coerceas.

370 1347 544 1393 “Omnis
571 1362 705 1393 autem
733 1360 771 1393 in
800 1358 1026 1402 quaerendo
1047 1371 1147 1403 quae
1168 1361 1228 1394 via
1248 1359 1416 1404 quadam
1441 1364 1483 1396 et

314 1430 465 1464 ratione
482 1427 652 1464 habetur
672 1431 796 1464 oratio
817 1429 1083 1474 praescribere
1100 1432 1269 1475 primum
1285 1429 1419 1475 debet,
1436 1435 1481 1467 ut

311 1498 544 1544 quibusdam
565 1501 604 1534 in
625 1498 820 1536 formulis:
852 1512 897 1535 EA
920 1512 986 1535 Res
1007 1512 1173 1545 AGETUR,
1194 1505 1239 1537 ut
1258 1503 1363 1537 inter
1383 1513 1479 1546 quos

312 1569 516 1606 disseritur
541 1572 751 1606 conveniat
781 1569 875 1614 quid
907 1572 958 1606 sit
989 1569 1029 1606 id
1060 1570 1110 1607 de
1144 1583 1221 1616 quo
1252 1570 1474 1608 disseratur.

314 1639 363 1676 II.
398 1640 487 1676 Hoc
508 1643 679 1685 positum
700 1643 740 1676 in
763 1640 942 1677 Phaedro
961 1654 982 1676 a
1006 1641 1169 1677 Platone
1190 1642 1368 1686 probavit
1384 1641 1476 1687 Epi-

311 1724 425 1747 curus
441 1714 643 1756 sensitque
660 1714 699 1747 in
716 1714 822 1747 omni
839 1711 1107 1757 disputatione
1124 1712 1163 1749 id
1184 1712 1266 1749 fieri
1282 1718 1474 1758 oportere.

310 1781 389 1819 Sed
423 1782 528 1827 quod
560 1784 780 1827 proximum
810 1782 886 1818 fuit
919 1796 999 1819 non
1033 1783 1140 1819 vidit.
1200 1783 1333 1828 Negat
1370 1786 1476 1820 enim

309 1852 463 1888 definiri
497 1865 579 1888 rem
615 1852 783 1897 placere,
819 1855 902 1889 sine
937 1866 1014 1899 quo
1045 1853 1127 1890 fieri
1161 1854 1362 1890 interdum
1395 1867 1474 1890 non

688 2011 703 2027 ὃ
714 1984 896 2038 Phaedrus
912 2016 972 2048 237
991 2008 1029 2039 13.

413 2061 462 2092 80
