1574 2364
214 421 228 455 l

557 138 610 174 M.
643 137 810 175 TULLI
841 137 1130 175 CICERONIS

798 200 871 236 DE

362 263 583 301 FINIBUs
616 263 890 300 BONORUM
922 263 990 299 ET
1022 263 1303 301 MALORUM

622 326 784 362 LIBER
814 325 1074 372 QUARTUS

322 416 351 453 I.
384 415 496 462 Quae
529 428 619 451 cum
653 414 832 459 dixisset,
867 414 987 450 finem
1021 414 1099 450 ille.
1160 414 1245 460 Ego
1276 419 1430 450 autem:

266 471 361 517 “Ne
382 485 440 524 tu,
462 482 636 524 inquam,
651 478 760 521 Cato,
778 480 853 513 ista
875 480 1104 522 exposuisti,
1125 482 1171 514 ut
1191 482 1272 513 tam
1293 477 1431 521 multa,

266 546 509 586 memoriter,
542 546 587 577 ut
619 546 701 577 tam
734 541 911 584 obscura,
944 540 1128 576 dilucide.
1191 540 1331 585 Itaque
1363 544 1432 576 aut

265 610 494 643 omittamus
517 609 654 641 contra
675 607 836 639 omnino
858 603 960 640 velle
988 603 1137 648 aliquid
1167 609 1236 640 aut
1261 605 1431 648 spatium

265 681 464 706 sumamus
504 667 553 703 ad
598 666 881 711 cogitandmm
929 671 1012 702 tam
1056 669 1163 702 enim
1202 666 1432 711 diligenter,

266 734 421 769 etiamsi
441 734 572 767 minus
593 743 685 766 vere
707 722 815 773 (nam
837 729 1016 765 nondum
1044 729 1084 765 id
1114 729 1275 774 quidem
1305 728 1433 764 audeo

267 787 430 839 dicere),
462 794 532 831 sed
562 786 723 830 tamen1

265 872 401 895 verum
430 860 550 893 etiam
581 861 824 893 exstructam
852 855 1101 900 disciplinam
1128 868 1207 891 non
1235 859 1297 890 est
1317 854 1431 890 facile

264 920 528 967 perdiscere.'’
601 919 703 955 Tum
741 918 828 954 ille:
874 909 986 953 “Ain
1025 917 1245 953 tandem?”
1281 920 1431 962 inquit;

265 975 388 1020 “cum
411 995 485 1027 ego
506 987 547 1018 te
568 981 640 1017 hac
661 994 761 1017 nova
781 981 870 1025 lege
893 980 1047 1016 videam
1070 979 1211 1016 eodem
1232 979 1296 1016 die
1317 992 1429 1034 accu-

265 1049 383 1084 satori
403 1045 643 1090 respondere
666 1049 708 1080 et
728 1045 853 1080 tribus
874 1042 978 1079 horis
999 1055 1195 1088 perorare,
1212 1045 1253 1078 in
1274 1042 1345 1078 hac
1366 1055 1429 1078 me

264 1123 379 1146 causa
414 1114 571 1154 tempus
604 1107 820 1143 dilaturum
851 1107 989 1151 putas?
1032 1119 1132 1151 quae
1163 1110 1298 1142 tamen
1331 1118 1354 1141 a
1387 1109 1428 1141 te

263 1178 404 1218 agetur
434 1185 513 1207 non
546 1170 685 1206 melior
712 1183 829 1215 quam
861 1169 951 1205 illae
982 1174 1075 1205 sunt
1104 1182 1199 1213 quas
1228 1168 1429 1204 interdum

264 1237 431 1272 obtines.
479 1233 611 1279 Quare
639 1237 755 1269 istam
782 1245 939 1278 quoque
966 1231 1200 1277 aggredere,
1220 1236 1430 1268 tractatam

264 1300 498 1344 praesertim
530 1301 572 1333 et
602 1297 651 1332 ab
685 1296 770 1332 aliis
803 1300 845 1331 et
875 1309 897 1331 a
929 1300 970 1331 te
1002 1298 1086 1340 ipso
1119 1307 1250 1340 saepe,
1280 1299 1325 1330 ut
1357 1294 1429 1330 tibi

264 1362 403 1398 deesse
422 1373 503 1396 non
523 1362 647 1405 possit
668 1358 832 1394 oratio.'’
878 1358 978 1393 Tum
1002 1370 1096 1402 ego:
1128 1348 1253 1394 “Non
1274 1357 1429 1393 meher-

261 1425 387 1469 cule,''
406 1427 581 1469 inquam,
598 1413 739 1459 “soleo
756 1427 907 1458 temere
926 1426 1063 1457 contra
1079 1421 1244 1465 Stoicos,
1259 1434 1338 1457 non
1353 1433 1430 1466 quo

262 1489 338 1525 illis
369 1487 582 1524 admodum
612 1488 816 1529 assentiar,
846 1484 916 1521 sed
947 1484 1098 1530 pudore
1129 1484 1343 1529 impedior;
1373 1486 1429 1520 ita

263 1552 388 1588 multa
423 1550 575 1594 dicunt,
608 1561 708 1594 quae
740 1551 803 1584 vix
837 1547 1109 1592 intellegam.''
1169 1538 1425 1591 “Obsciira,’'

262 1617 404 1660 inquit,
426 1604 656 1658 “quaedam
678 1624 763 1648 esse
785 1610 993 1654 confiteor3
1024 1623 1098 1646 nec
1118 1614 1253 1646 tamen
1275 1610 1324 1645 ab
1352 1609 1427 1646 illis

263 1681 318 1715 ita
352 1677 539 1713 dicuntur
568 1675 618 1711 de
646 1675 853 1719 industria,
878 1673 949 1710 sed
980 1676 1085 1710 inest
1115 1675 1156 1709 in
1188 1673 1305 1709 rebus
1336 1675 1428 1718 ipsis

309 1737 389 1767 ¹sed
403 1739 519 1766 tamen
531 1745 543 1765 .·
560 1734 752 1764 Lambinus
770 1733 991 1775 conjectures
1007 1733 1070 1763 sed
1082 1734 1199 1762 tamen
1213 1735 1298 1768 tam,
1316 1731 1429 1762 Davis

265 1780 328 1811 sed
341 1782 424 1809 tam.
465 1778 624 1817 Perhaps
648 1777 757 1807 audeo
781 1777 901 1811 disere,
919 1776 981 1806 sed
994 1775 1125 1815 tamen)
1143 1786 1210 1805 non
1228 1776 1341 1811 modo:
1356 1774 1428 1805 and

265 1823 415 1854 bracket
433 1823 592 1851 accurate
608 1830 649 1850 as
666 1819 912 1859 interpola-ted.

755 798 938 828 accurate
969 805 1048 828 non
1078 792 1196 828 modo
1226 792 1432 828 fundatam

304 1895 320 1911 ²·
332 1889 470 1921 Passed
497 1889 543 1929 by
570 1889 738 1928 Pompey,
767 1897 806 1927 52
833 1895 920 1924 13.C.,
951 1892 986 1917 to
1011 1886 1098 1917 limit
1127 1886 1184 1916 the
1214 1885 1427 1926 concluding

263 1934 433 1975 speeches
457 1932 490 1962 in
515 1931 675 1962 lawsuits
692 1937 728 1961 to
745 1936 815 1960 two
834 1931 940 1960 hours
958 1930 1010 1960 for
1027 1930 1086 1960 the
1110 1929 1335 1969 prosecution
1352 1929 1422 1959 and

260 1979 360 2008 three
376 1976 430 2007 for
445 1975 504 2006 the
518 1974 675 2012 defence‚
693 1973 778 2005 both
796 1978 831 2004 to
848 1973 890 2004 be
904 1972 1081 2004 delivered
1094 1983 1138 2004 on
1151 1973 1209 2003 the
1226 1982 1324 2003 same
1337 1972 1420 2013 day.

366 2029 444 2064 300
