1574 2364
595 143 790 180 CICERO
833 142 906 178 DE
946 141 1165 179 FINIBUS

294 226 486 260 virtutum
510 224 713 266 comitatu,
731 224 761 258 si
779 234 825 258 ea
841 221 991 258 nullam
1012 221 1061 257 ad
1081 221 1198 257 aliam
1217 234 1302 257 rem
1322 222 1397 256 nisi
1417 219 1466 255 ad

191 291 265 323 112
290 286 538 332 voluptatem
556 288 844 330 conquiruntur
860 286 873 320 ἒ
919 285 988 329 Ut,
1005 287 1035 321 si
1053 284 1218 328 Xerxes,
1239 297 1328 320 cum
1345 285 1467 319 tantis

296 348 483 384 classibus
505 350 707 394 tantisque
730 347 980 392 equestribus
1001 351 1042 383 et
1061 346 1313 392 pedestribus
1333 348 1466 391 copiis,

294 411 563 456 Hellesponto
593 413 742 455 iuncto,
770 410 931 446 Athone
962 409 1151 455 perfosso,
1171 412 1269 445 mari
1292 409 1466 445 ambula-

568 466 879 518 lnavigwsset,
910 475 954 517 si,
984 485 1073 508 cum
1103 477 1216 509 tanto
1245 475 1396 518 impetu
1428 475 1467 508 in

293 477 425 519 visset,
459 479 565 510 terra

295 537 502 573 Graeciam
523 538 710 581 venisset,
732 549 887 572 causam
908 538 995 580 quis
1015 548 1063 572 ex
1085 548 1132 571 eo
1152 540 1362 580 quaereret
1380 540 1467 571 tan-

295 605 424 636 tarum
456 602 656 645 copiarum
687 602 869 644 tantique
900 598 1008 643 belli,
1042 598 1121 634 mel
1156 611 1197 634 se
1230 598 1385 634 auferre
1419 610 1467 633 ex

296 664 495 708 Hymetto
536 662 705 699 voluisse
745 663 909 706 diceret,
945 666 1054 698 certe
1089 664 1173 697 sine
1208 674 1322 697 causa
1361 661 1468 697 vide-

295 731 405 762 retur
432 731 544 762 tanta
572 731 750 770 conatus,
778 728 831 762 sic
860 738 930 761 nos
960 727 1194 770 sapientem,
1222 724 1399 769 plurimis
1428 729 1471 760 et

294 792 532 834 gravissimis
570 790 719 825 artibus
753 793 873 834 atque
911 788 1123 824 virtutibus
1157 790 1394 824 instructum
1430 792 1472 823 et

297 857 492 896 ornatum,
515 865 606 895 non,
630 856 674 888 ut
695 852 820 896 illum,
841 854 963 887 maria
987 851 1155 896 pedibus
1178 855 1472 896 peragrantem,

298 915 485 951 classibus
515 920 686 959 montes,
717 914 786 950 sed
818 926 934 949 omne
966 913 1118 949 caelum
1149 918 1353 958 totamque
1384 926 1474 949 cum

298 981 480 1013 universo
501 980 597 1013 mari
618 982 764 1013 terram
786 981 922 1012 mente
945 976 1207 1020 complexum,
1229 975 1475 1020 voluptatem

298 1041 496 1086 petere’28i
524 1040 714 1084 dicemus,
742 1039 870 1075 mellis
899 1051 1014 1074 causa
1034 1038 1211 1075 dicemus
1232 1043 1344 1074 tanta
1364 1038 1476 1074 moli-

299 1109 395 1139 tum.

199 1170 271 1203 113
353 1158 376 1173 '⁵
391 1166 455 1202 Ad
495 1166 635 1202 altiora
674 1166 869 1211 quaedam
909 1170 951 1201 et
985 1164 1339 1210 magnificentiora,
1379 1164 1476 1200 mihi

299 1230 430 1273 crede,
452 1229 665 1274 Torquate,
688 1232 770 1265 nati
792 1241 925 1265 sumus
944 1241 952 1272 ;
983 1241 1057 1264 nec
1078 1228 1118 1264 id
1139 1241 1187 1264 ex
1209 1231 1328 1264 animi
1349 1228 1475 1264 solum

298 1292 489 1338 partibus,
517 1295 557 1328 in
585 1293 726 1337 quibus
756 1295 861 1327 inest
888 1294 1078 1328 memoria
1098 1304 1229 1327 rerum
1250 1294 1474 1327 innumera-

300 1356 451 1400 bilium,
474 1358 514 1391 in
535 1360 576 1391 te
598 1355 760 1400 quidem
782 1354 950 1399 infinita,
966 1357 1072 1390 inest
1092 1357 1318 1390 coniectura
1338 1367 1473 1391 conse-

300 1420 509 1463 quentium
538 1430 617 1453 non
649 1417 817 1453 multum
844 1430 866 1452 a
886 1416 1130 1452 divinatione
1151 1416 1349 1461 differens,
1371 1420 1475 1454 inest

299 1480 526 1517 moderator
575 1479 803 1525 cupiditatis
852 1479 990 1525 pudor,
1029 1483 1134 1516 inest
1173 1479 1223 1515 ad
1261 1479 1474 1516 humanam

299 1540 548 1580 societate—111³
558 1546 731 1580 iustitiae
741 1542 817 1579 fida
832 1542 1022 1587 custodia,
1032 1545 1136 1578 inest
1149 1545 1189 1578 in
1204 1543 1474 1588 perpetiendis

300 1607 498 1643 laboribus
536 1597 810 1650 adeundisque
851 1605 1034 1651 periculis
1077 1605 1187 1641 firma
1235 1611 1277 1642 et
1324 1607 1474 1643 stabilis

300 1670 445 1706 doloris
467 1672 683 1714 mortisque
700 1671 947 1714 contemptio
963 1680 1124 1713 ;—erg0
1139 1668 1237 1704 haec
1253 1672 1294 1704 in
1310 1672 1449 1706 animis
1464 1682 1473 1714 ;

301 1738 343 1769 tu
361 1737 495 1768 autem
512 1736 633 1769 etiam
650 1732 826 1768 membra
843 1735 925 1777 ipsa
941 1744 1158 1776 sensusque
1174 1731 1390 1777 considera,
1407 1736 1473 1777 qui

301 1796 386 1840 tibi,
401 1800 445 1831 ut
457 1795 631 1840 reliquae
646 1798 815 1839 corporis
830 1800 975 1840 partes,
989 1807 1069 1831 non
1083 1797 1246 1831 comites
1260 1795 1385 1831 solum
1399 1799 1472 1831 vir-

359 1901 371 1920 ¹
389 1901 478 1932 mari
496 1925 503 1932 .
523 1925 530 1932 .
548 1905 637 1932 terra
661 1901 805 1938 Baiter;
833 1901 930 1933 Mdv.
942 1911 1131 1943 approves,
1146 1902 1213 1934 but
1227 1902 1344 1944 prints
1357 1903 1470 1934 maffia

318 1968 327 1978 .
345 1968 353 1977 .
370 1948 494 1975 terram
509 1944 598 1974 with
615 1944 713 1974 MSS.

360 1987 373 2005 ²
395 1989 542 2026 expetere
559 1985 572 2017 ?
592 1986 693 2017 Reid.

364 2029 378 2048 ³
400 2030 588 2060 societatem
605 2027 765 2061 tuendam
783 2037 849 2060 one
865 2028 929 2059 inf.
947 2029 1021 2060 MS.

424 2074 500 2111 204
