1574 2364
201 218 251 255 46

208 980 257 1016 47

209 1728 258 1760 48

587 140 781 178 CICERO
813 140 887 178 DE
916 141 1135 180 FINIBUS

280 219 334 255 Et
353 222 538 264 quoniam
559 219 697 256 eadem
718 225 858 257 natura
877 221 1136 266 cupiditatem
1159 223 1342 266 ingenuit
1368 220 1437 257 ho-

283 304 379 337 mini
399 305 480 338 veri
501 301 675 341 videndi.
697 301 800 347 quod
822 301 1006 339 facillime
1030 307 1194 348 apparet
1217 315 1306 339 cum
1329 304 1440 338 vacui

284 383 385 417 curis
406 383 526 417 etiam
548 380 642 425 quid
664 383 704 416 in
725 380 833 416 caelo
854 380 920 416 flat
940 384 1037 417 scire
1057 394 1230 425 avemus,
1245 380 1306 417 his
1321 383 1442 416 initiis

285 454 437 491 inducti
458 457 587 491 omnia
603 468 694 491 vera
714 454 926 499 diligimus,
942 455 983 491 id
1004 459 1064 491 est
1080 454 1223 499 fidelia,
1241 454 1442 501 simplicia,

286 532 520 574 constantia,
540 534 626 566 tum
647 542 758 574 vana,
775 528 883 574 falsa,
901 528 1079 565 fallentia
1099 528 1265 573 odimus,
1280 533 1325 565 ut
1341 528 1443 565 frau-

286 603 391 649 dem,
421 607 648 649 periurium,
677 604 880 648 malitiam,
910 606 1101 640 iniuriam.
1162 603 1312 640 Eadem
1345 606 1444 640 ratio

286 678 407 715 habet
427 681 467 714 in
488 691 529 715 se
550 678 738 724 quiddam
762 677 935 723 amplum
963 682 1083 723 atque
1110 677 1374 722 magnificum,
1394 677 1443 714 ad

288 753 562 799 imperandum
582 755 706 798 magis
727 765 844 798 quam
864 751 913 788 ad
937 751 1155 797 parendum
1178 750 1445 788 accommoda-

286 833 386 872 tum,
407 830 536 864 omnia
556 827 727 863 humana
747 839 828 862 non
846 825 1067 862 tolerabilia
1086 825 1211 862 solum
1232 825 1302 862 sed
1326 828 1446 862 etiam

289 903 388 938 levia
402 902 562 945 ducens,
572 901 696 937 altum
706 900 893 946 quiddam
903 905 944 936 et
960 899 1171 944 excelsum,
1181 899 1279 935 nihil
1289 902 1446 946 timens,

289 979 438 1012 nemini
459 976 617 1020 cedens,
639 988 794 1020 semper
818 977 1019 1010 invictum.
1079 974 1213 1020 Atque
1237 973 1298 1011 his
1321 974 1446 1012 tribus

289 1051 501 1095 generibus
530 1049 788 1086 honestorum
817 1051 976 1093 notatis,
997 1053 1180 1093 quartum
1209 1051 1385 1093 sequitur
1404 1054 1447 1086 et

290 1128 329 1161 in
353 1125 492 1161 eadem
514 1123 809 1170 pulchritudine
838 1128 879 1160 et
906 1128 1043 1168 aptum
1070 1135 1118 1159 ex
1145 1122 1221 1160 illis
1248 1123 1385 1167 tribus,
1404 1125 1445 1159 in

290 1213 368 1245 quo
400 1203 505 1236 inest
538 1198 633 1235 ordo
667 1203 709 1235 et
746 1198 974 1234 moderatio.
1034 1197 1151 1234 Cuius
1188 1197 1446 1234 similitudine

287 1279 499 1324 perspecta
519 1276 559 1310 in
580 1273 791 1310 formarum
807 1275 937 1318 specie
954 1286 997 1309 ac
1014 1272 1223 1318 dignitate,
1239 1275 1449 1309 transitum

293 1356 354 1387 est
375 1350 424 1386 ad
445 1350 695 1386 honestatem
716 1348 911 1385 dictorum
938 1353 1057 1393 atque
1084 1347 1288 1385 sactorum.
1348 1348 1449 1384 Nam

293 1438 340 1462 ex
363 1425 421 1461 his
443 1425 566 1461 tribus
587 1423 766 1459 laudibus
787 1435 882 1468 quas
902 1427 995 1459 ante
1011 1422 1106 1467 dixi,
1123 1427 1164 1459 et
1179 1425 1449 1459 temeritatem

293 1498 523 1535 reformidat
543 1503 585 1534 et
604 1511 683 1534 non
703 1497 824 1534 audet
844 1500 1025 1542 cuiquam
1044 1502 1112 1533 aut
1136 1496 1242 1533 dicto
1266 1501 1449 1542 protervo

291 1579 359 1610 aut
380 1573 483 1609 facto
500 1584 655 1617 nocere,
671 1576 908 1617 vereturque
923 1571 1136 1617 quidquam
1152 1577 1220 1608 aut
1236 1571 1364 1607 facere
1379 1575 1448 1608 aut

291 1648 419 1693 eloqui
440 1647 544 1692 quod
566 1660 701 1692 parum
721 1646 831 1682 virile
851 1645 1041 1684 videatur.

345 1722 427 1758 XV.
461 1712 484 1728 “
496 1721 632 1757 Habes
647 1720 820 1766 undique
838 1720 1037 1766 expletam
1053 1725 1094 1757 et
1109 1720 1340 1766 perfectam,
1353 1720 1447 1758 Tor-

289 1801 421 1843 quate,
439 1795 602 1831 formam
616 1795 847 1839 honestatis,
865 1807 964 1840 quae
984 1799 1069 1831 tota
1089 1799 1274 1840 quattuor
1294 1794 1353 1831 his
1373 1797 1447 1831 vir-

288 1871 439 1907 tutibus
461 1882 560 1915 quae
580 1883 602 1905 a
622 1874 662 1905 te
684 1881 840 1914 quoque
861 1873 1188 1905 commemoratae
1209 1873 1301 1905 sunt
1321 1872 1445 1906 conti-

286 1951 413 1982 netur.
475 1945 591 1980 Hanc
611 1956 652 1980 se
673 1949 763 1980 tuus
778 1943 968 1989 Epicurus
981 1946 1141 1979 omnino
1157 1945 1335 1988 ignorare
1349 1943 1444 1981 dicit

285 2032 401 2067 quam
414 2024 481 2056 aut
495 2018 650 2064 qualem
664 2030 748 2054 esse
762 2017 887 2054 velint
899 2020 925 2053 ii
939 2021 1005 2064 qui
1019 2017 1228 2055 honestate
1248 2030 1441 2055 summum

396 2077 470 2110 134
