1574 2364
184 336 257 374 106

194 1600 265 1635 107

596 133 790 170 CICERO
822 133 896 170 DE
926 134 1144 172 FINIBUS

289 224 417 257 neque
441 212 491 249 ad
523 215 674 249 exitum
702 212 864 258 perduci
892 216 1052 259 poterit,
1073 216 1103 251 si
1128 216 1252 260 prima
1272 227 1453 260 quaeque

289 276 390 311 bene
411 276 460 311 ab
481 288 527 312 eo
548 275 728 312 consulta
748 281 867 321 atque
892 276 996 313 facta
1020 280 1139 322 ipsius
1161 277 1357 314 oblivione
1384 277 1448 314 ob-

288 343 461 374 ruentur.
504 338 583 375 Sed
614 339 722 375 vobis
755 339 1001 384 voluptatum
1028 345 1305 385 perceptarum
1325 353 1450 377 recor-

289 400 395 436 datio
417 402 537 436 vitam
558 401 716 437 beatam
744 401 850 446 facit,
872 407 913 438 et
940 402 1102 446 quidem
1128 415 1289 448 corpore
1316 415 1451 447 perce-

289 468 465 508 ptarum;
500 476 591 498 nam
623 466 653 499 si
688 476 788 508 quae
819 469 912 500 sunt
932 464 1043 509 aliae,
1065 463 1206 500 falsum
1227 469 1288 501 est
1316 477 1452 500 omnes

289 528 407 561 animi
430 525 652 571 voluptates
674 539 758 562 esse
780 539 800 562 e
822 529 993 572 corporis
1013 530 1214 563 societate.
1275 527 1452 572 Corporis

290 594 423 624 autem
455 588 634 634 voluptas
669 592 699 625 si
738 592 858 625 etiam
897 593 1111 634 praeterita
1148 589 1337 634 delectat,
1376 603 1452 626 non

290 651 482 695 intellego
520 665 588 687 cur
627 652 865 688 Aristoteles
905 652 1173 698 Sardanapalli
1214 655 1454 698 epigramma

290 719 402 750 tanto
423 727 541 759 opere
562 714 756 759 derideat,
773 717 813 750 in
834 728 912 760 quo
933 715 999 751 ille
1019 728 1087 751 rex
1109 715 1244 760 Syriae
1263 715 1455 760 glorietur

291 790 331 813 se
345 790 480 813 omnes
494 790 627 813 secum
640 777 847 814 abstulisse
860 777 1069 814 libidinum
1083 777 1315 823 voluptates.
1339 776 1455 823 Quod

291 843 396 876 enim
418 853 467 876 ne
489 843 598 876 vivus
619 840 794 885 quidem,
811 843 953 886 inquit,
967 840 1116 877 diutius
1133 843 1280 877 sentire
1301 845 1456 886 poterat

291 916 406 947 quam
424 902 518 938 dum
535 902 752 947 fruebatur,
766 903 963 948 quomodo
984 903 1024 939 id
1045 908 1199 940 mortuo
1219 906 1349 948 potuit
1370 916 1456 948 per-

291 966 476 1002 manere?
535 965 641 1002 Fluit
679 968 802 1010 igitur
832 966 1012 1012 voluptas
1044 969 1215 1012 corporis
1254 970 1296 1002 et
1333 968 1457 1012 prima

291 1041 471 1074 quaeque
498 1028 640 1073 avolat,
661 1031 895 1074 saepiusque
922 1028 1112 1074 relinquit
1141 1041 1296 1065 causam
1324 1030 1458 1074 paeni-

292 1091 403 1128 tendi
436 1104 554 1136 quam
588 1091 832 1128 recordandi.
894 1091 1033 1137 Itaque
1066 1092 1218 1128 beatior
1250 1091 1458 1128 Africanus

293 1168 381 1190 cum
403 1157 528 1199 patria
547 1154 615 1189 illo
635 1154 753 1190 modo
773 1154 958 1199 loquens:

349 1217 510 1261 Desine,
534 1217 668 1261 Roma,
688 1222 776 1253 tuos
797 1217 985 1254 hostes—-

295 1280 524 1325 reliquaque
547 1280 766 1324 praeclare:

416 1343 517 1379 Nam
538 1344 611 1379 tibi
631 1346 900 1379 moenimenta
920 1345 998 1379 mei
1019 1355 1210 1389 peperere
1230 1342 1392 1381 labores.

298 1406 513 1443 Laboribus
539 1405 604 1442 hie
624 1408 849 1452 praeteritis
868 1405 1031 1451 gaudet,
1053 1411 1096 1442 tu
1118 1407 1229 1442 iubes
1249 1406 1458 1452 voluptati-

298 1472 388 1511 bus;
419 1474 460 1505 et
486 1469 549 1505 hic
569 1482 610 1505 se
631 1468 680 1505 ad
702 1481 747 1505 ea
767 1474 925 1505 revocat
951 1481 973 1505 e
993 1469 1135 1514 quibus
1155 1469 1252 1505 nihil
1273 1482 1458 1515 umquam

298 1532 498 1569 rettulerit
517 1531 567 1568 ad
587 1544 739 1576 corpus,
760 1536 803 1568 tu
825 1536 932 1568 totus
954 1531 1092 1568 haeres
1112 1533 1153 1568 in
1174 1544 1344 1577 corpore.

354 1594 545 1631 XXXIII.
579 1586 718 1631 “Illud
737 1599 872 1631 autem
892 1597 1021 1640 ipsum
1040 1597 1107 1640 qui
1128 1595 1298 1631 obtineri
1315 1600 1460 1641 potest,

303 1658 407 1703 quod
428 1657 557 1694 dicitis
577 1671 714 1694 omnes
734 1660 853 1693 animi
874 1662 916 1694 et
935 1657 1158 1703 voluptates
1178 1662 1219 1694 et
1239 1657 1392 1694 dolores
1412 1658 1460 1694 ad

299 1724 469 1766 corporis
497 1720 720 1766 voluptates
752 1734 796 1756 ac
827 1720 981 1757 dolores
1013 1721 1239 1766 pertinere?
1296 1720 1460 1758 Nihilne

300 1790 340 1822 te
362 1783 538 1820 delectat
558 1796 745 1828 umquam
763 1775 895 1828 (video
912 1786 1071 1828 quicum
1086 1775 1253 1829 loquar),
1270 1787 1311 1820 te
1328 1786 1461 1829 igitur,

344 1894 359 1911 ³
372 1887 409 1917 In
427 1897 449 1917 a
466 1886 564 1917 work
582 1896 662 1916 now
678 1887 758 1918 lost.
795 1887 872 1917 The
889 1887 976 1918 lines
995 1886 1150 1918 referred
1167 1890 1203 1917 to
1224 1897 1286 1917 run
1312 1885 1382 1916 κεῖν’
1400 1888 1463 1924 ἕχιι

301 1930 368 1962 ὅσσ’
380 1932 501 1968 ἔφαγον
514 1930 564 1959 καὶ
582 1930 737 1968 ἐφύβρισα
755 1930 805 1959 καὶ
822 1931 878 1959 σὺν
894 1931 984 1969 ἔρωτι
1000 1929 1104 1969 τέρπν’
1117 1930 1249 1960 ἔπαθον·
1262 1930 1301 1960 τὰ
1314 1930 1346 1959 δὲ
1361 1930 1463 1960 πολλὰ

305 1976 355 2006 καὶ
375 1974 468 2013 ὄλβια
486 1973 589 2002 πάντα
602 1974 762 2002 λέλυνται.
813 1972 874 2013 (ap
923 1972 1046 2003 Athen.
1081 1972 1196 2012 3363.)

346 2016 591 2056 bApparentiy
609 2015 697 2046 from
715 2016 772 2045 the
789 2015 930 2046 Annals
945 2015 985 2046 of
999 2015 1141 2046 Ennius.

396 2070 469 2105 198
