1574 2364
147 1424 196 1456 34-

534 139 730 177 CICERO
762 139 836 176 DE
866 140 1086 178 FINIBUS

226 222 267 255 in
288 222 454 265 posteris
475 224 517 256 et
544 222 585 255 in
605 220 954 265 consequentibus,
976 220 1046 257 sed
1076 223 1116 257 in
1143 224 1278 267 primis
1299 235 1390 261 cona

227 293 338 326 tinuo
358 294 521 335 peccata
541 294 646 333 sunt,
669 292 722 325 sic
744 303 790 325 ea
817 303 917 334 quae
947 290 1248 335 proficiscuntur
1275 305 1297 327 a
1317 294 1391 327 vir-

227 365 328 404 tute,
349 362 599 405 susceptione
620 362 758 404 prima,
778 372 858 395 non
885 360 1144 406 perfectione,
1165 366 1274 397 recta
1300 366 1392 398 sunt

228 429 448 466 iudicanda.

284 502 329 538 X.
363 493 550 538 “Bonum
575 507 709 538 autem
738 502 842 547 quod
870 506 910 538 in
935 503 1009 539 hoc
1037 516 1217 540 sermone
1245 507 1393 540 totiens

228 578 458 618 usurpatum
484 578 545 609 est
569 572 608 608 id
630 575 749 609 etiam
772 573 1003 610 definitione
1025 574 1253 619 explicatur.
1315 575 1393 612 Sed

229 656 363 680 eorum
385 642 636 679 definitiones
657 643 817 688 paulum
837 643 982 689 oppido
1002 646 1108 680 inter
1127 657 1168 681 se
1193 644 1394 691 differunt,

229 719 271 750 et
297 719 432 750 tamen
460 713 601 749 eodem
633 719 826 758 spectant.
889 714 974 758 Ego
1003 717 1196 750 assentior
1225 715 1394 759 Diogeni

228 787 292 829 qui
314 784 461 819 bonum
482 782 681 819 definierit
701 783 740 819 id
761 783 866 828 quod
883 789 988 820 esset
1003 789 1143 820 natura
1158 784 1394 821 absolutum.

231 854 275 891 Id
288 859 422 890 autem
435 866 604 898 sequens
617 853 714 889 illud
728 857 847 890 etiam
861 854 965 898 quod
979 854 1185 900 prodesset
1197 846 1395 899 (ὠφέλημα

229 927 334 961 enim
355 927 408 960 sic
429 916 693 968 appellemus)
715 929 867 960 motum
887 929 956 960 aut
976 929 1125 961 statum
1147 937 1231 962 esse
1252 924 1353 961 dixit
1374 938 1395 962 e

228 1000 367 1031 natura
387 993 577 1029 absoluto.
641 993 817 1038 Cumque
839 1007 970 1030 rerum
992 997 1174 1030 notiones
1196 997 1235 1030 in
1256 997 1395 1032 animis

228 1065 323 1101 fiant
343 1067 374 1100 si
394 1068 464 1100 aut
482 1076 553 1099 usu
575 1063 723 1108 aliquid
745 1066 949 1108 cognitum
967 1067 1018 1100 sit
1033 1069 1102 1100 aut
1117 1067 1394 1102 coniunctione

227 1140 295 1172 aut
325 1134 583 1171 similitudine
613 1139 680 1170 aut
712 1134 922 1170 collatione
953 1137 1127 1178 rationis,
1153 1133 1226 1170 hoc
1256 1140 1395 1179 quarto

227 1205 331 1251 quod
353 1210 575 1240 extremuni
596 1207 707 1248 posui
738 1205 830 1240 boni
860 1207 1002 1240 notitia
1031 1204 1136 1241 facta
1165 1209 1236 1241 est.
1296 1204 1393 1241 Cum

228 1279 334 1313 enim
371 1275 420 1311 ab
459 1277 504 1311 iis
543 1275 659 1310 rebus
699 1288 798 1319 quae
834 1280 927 1310 sunt
961 1275 1179 1311 secundum
1213 1281 1393 1312 naturam

226 1346 406 1384 ascendit
425 1348 577 1381 animus
599 1345 808 1381 collatione
831 1348 1006 1389 rationis,
1023 1350 1107 1380 tum
1123 1345 1173 1381 ad
1189 1348 1391 1382 notionem

226 1419 318 1455 boni
340 1418 532 1462 pervenit.
577 1415 666 1451 Hoc
687 1420 822 1451 autem
843 1417 972 1459 ipsum
994 1415 1141 1451 bonum
1161 1428 1241 1451 non
1261 1429 1390 1452 acces-

226 1492 335 1525 sione
355 1499 486 1532 neque
507 1485 721 1521 crescendo
741 1490 808 1520 aut
829 1498 918 1520 cum
947 1487 1089 1520 ceteris
1116 1485 1390 1530 comparando,

226 1558 295 1596 sed
316 1559 470 1603 propria
491 1559 527 1591 vi
548 1569 615 1592 cua
637 1560 678 1591 et
698 1557 889 1591 sentimus
911 1559 952 1590 et
971 1554 1215 1600 appellamus
1230 1555 1387 1592 bonum.

227 1631 284 1667 Ut
303 1631 408 1665 enim
425 1627 517 1671 mel,
535 1629 608 1662 etsi
625 1625 894 1661 dulcissimum
911 1629 984 1668 est,
999 1637 1068 1661 suo
1084 1629 1219 1661 tamen
1235 1629 1390 1671 proprio

224 1708 371 1742 genere
403 1696 562 1739 saporis,
594 1706 671 1728 non
707 1694 998 1736 comparatione
1034 1704 1122 1727 cum
1155 1691 1240 1728 aliis
1274 1692 1388 1729 dulce

224 1776 308 1801 esse
329 1763 511 1804 sentitur,
533 1762 586 1796 sic
607 1760 753 1795 bonum
775 1758 848 1793 hoc
870 1757 919 1794 de
941 1771 1018 1803 quo
1038 1761 1190 1803 agimus
1211 1763 1271 1794 est
1290 1758 1387 1795 illud

222 1829 383 1876 quidem
428 1827 585 1872 plurimi
632 1824 933 1868 aestimandum,
974 1824 1044 1860 sed
1083 1838 1128 1861 ea
1166 1827 1387 1861 aestimatio

222 1908 369 1942 genere
386 1893 502 1938 valet,
520 1906 599 1929 non
616 1891 902 1936 magnitudine.
928 1891 1029 1927 Nam
1046 1904 1134 1926 cum
1151 1894 1384 1934 aestimatio,

220 1976 320 2009 quae
342 1958 431 2007 ἀξία
451 1960 607 2004 dicitur,
629 1972 758 2004 neque
787 1961 827 1994 in
855 1958 966 1994 bonis
996 1962 1202 1994 numerata
1231 1960 1282 1994 sit
1311 1971 1384 1994 nec

219 2042 349 2066 rursus
369 2031 408 2064 in
429 2027 554 2071 malis,
570 2031 933 2071 quantumcumque
955 2037 1001 2060 eo
1021 2023 1232 2070 addideris,
1254 2026 1293 2060 in
1314 2036 1383 2061 suo

329 2087 405 2119 252
