1574 2364
224 1132 273 1171 86

612 155 807 193 CICERO
839 155 913 192 DE
944 156 1163 194 FINIBUS

304 250 383 273 non
403 239 652 282 importuna;
682 235 777 281 quid
793 235 843 272 ad
860 236 1076 273 utilitatem
1095 241 1231 273 tantae
1253 235 1468 282 pecuniae?

305 312 425 348 Vides
446 314 579 357 igitur,
601 313 632 347 si
653 313 868 347 amicitiam
890 323 958 347 sua
978 314 1145 348 caritate
1170 313 1350 356 metiare,
1370 309 1471 346 nihil

305 399 390 423 esse
412 388 688 432 praestantius,
706 388 767 422 sin
784 386 1067 431 emolumento,
1084 398 1254 423 summas
1274 384 1473 421 familiari·-

307 466 408 498 tates
447 460 696 506 praediorum
732 460 1023 498 fructuosorum
1061 460 1247 498 mercede
1285 461 1470 506 superari.

308 537 374 572 Me
391 538 512 581 igitur
528 538 656 581 ipsum
672 548 779 573 ames
795 540 966 581 oportet,
983 548 1063 572 non
1084 548 1186 580 mea,
1206 537 1236 572 si
1258 537 1338 572 veri
1359 537 1472 570 amici

305 611 427 648 futuri
448 625 590 648 sumus.

360 687 526 723 XXVII.
561 678 585 694 “
599 686 678 724 Sed
705 689 746 723 in
767 687 883 723 rebus
903 688 1158 732 apertissimis
1179 689 1343 722 nimium
1364 685 1471 731 longi

306 773 447 798 sumus.
511 760 692 797 Perfecto
713 764 820 798 enim
842 765 883 798 et
905 760 1088 797 concluso
1108 773 1239 806 neque
1260 761 1472 797 virtutibus

307 848 435 880 neque
457 837 638 872 amicitiis
659 848 823 880 usquam
845 834 975 871 locum
997 847 1082 872 esse
1103 836 1134 872 si
1155 834 1205 871 ad
1225 834 1472 879 voluptatem

305 913 435 946 onmia
466 910 701 955 referantur,
722 910 819 946 nihil
852 915 1060 954 praeterea
1089 914 1150 947 est
1179 923 1322 954 magno
1352 922 1471 954 opere

304 984 528 1022 dicendum.
589 985 647 1021 Ac
683 990 832 1029 tamen,
866 998 917 1021 ne
953 987 1014 1021 cui
1049 984 1135 1021 loco
1174 998 1253 1021 non
1289 983 1470 1021 videatur

304 1071 389 1096 esse
419 1073 662 1105 responsum,
693 1073 816 1105 pauca
848 1062 969 1097 etiam
1002 1073 1109 1096 nunc
1142 1060 1270 1096 dicam
1300 1059 1350 1096 ad
1379 1059 1468 1096 reli-

304 1148 419 1180 quam
442 1137 661 1171 orationem
681 1139 801 1171 tuam.
863 1134 1059 1180 Quoniam
1080 1137 1203 1181 igitur
1222 1137 1348 1171 omnis
1364 1147 1467 1171 sum-

303 1223 367 1245 ma
386 1209 658 1255 philosophiae
682 1210 732 1246 ad
759 1210 875 1247 beate
903 1210 1117 1247 vivendum
1143 1210 1328 1256 refertur,
1348 1210 1467 1256 idque

305 1297 428 1320 unum
449 1288 686 1329 expetentes
706 1283 886 1321 homines
908 1297 948 1321 se
969 1284 1019 1321 ad
1040 1284 1114 1321 hoc
1135 1284 1310 1322 studium
1331 1291 1468 1322 contu-

305 1358 450 1403 lerunt,
471 1359 589 1395 beate
621 1363 756 1395 autem
788 1362 919 1396 vivere
951 1359 1017 1396 alii
1049 1362 1089 1396 in
1120 1359 1210 1406 alio,
1236 1374 1302 1397 vos
1334 1363 1374 1397 in
1405 1374 1471 1398 vo-

304 1433 459 1479 luptate
497 1436 656 1480 ponitis,
692 1437 790 1471 item
828 1440 965 1471 contra
1004 1437 1203 1472 miseriam
1236 1449 1395 1473 omnem
1428 1439 1469 1474 in

303 1508 452 1554 dolore,
472 1508 514 1545 id
543 1512 713 1555 primum
742 1509 959 1555 videamus,
983 1511 1102 1547 beate
1132 1513 1262 1548 vivere
1293 1516 1466 1549 vestrum

302 1583 417 1628 quale
438 1585 498 1620 sit.
559 1583 693 1629 Atque
715 1583 789 1620 hoc
810 1584 967 1629 dabitis,
989 1590 1034 1621 ut
1054 1587 1205 1630 opinor,
1227 1588 1257 1621 si
1279 1585 1395 1622 modo
1416 1590 1468 1624 sit

302 1657 450 1702 aliquid
471 1670 555 1694 esse
576 1659 751 1704 beatum,
767 1658 808 1695 id
829 1664 1011 1704 oportere
1032 1664 1162 1696 totum
1179 1662 1275 1706 poni
1295 1663 1334 1697 in
1357 1667 1468 1707 pote-

303 1735 405 1768 state
440 1734 638 1778 sapientis.
700 1733 803 1770 Nam
832 1736 863 1770 si
898 1737 1028 1770 amitti
1063 1737 1143 1770 vit-a
1177 1735 1294 1771 beata
1323 1741 1469 1783 potest,

303 1805 419 1842 beata
441 1819 525 1844 esse
552 1820 633 1843 non
660 1813 802 1853 potest.
865 1809 962 1854 Quis
992 1811 1099 1846 enim
1126 1810 1288 1847 confidit
1314 1823 1470 1858 semper

301 1881 373 1917 sibi
394 1881 491 1917 illud
508 1882 649 1919 stabile
666 1888 707 1919 et
723 1883 877 1920 firmum
894 1897 1193 1929 permansurum
1208 1886 1313 1931 quod
1329 1886 1468 1932 fragile

300 1960 342 1993 et
381 1956 572 1992 caducum
611 1958 690 1993 sit?
750 1958 829 2002 Qui
863 1964 998 1996 autem
1032 1959 1174 1997 diffidit
1207 1964 1465 2006 perpetuitati

299 2030 490 2067 bonorum
520 2044 691 2077 suorum,
719 2034 860 2070 timeat
889 2046 1052 2071 necesse
1082 2039 1144 2072 est
1172 2048 1223 2072 ne
1253 2035 1464 2081 aliquando

411 2084 485 2122 176
