1574 2364
204 636 252 674 16

589 157 785 194 CICERO
817 157 892 194 DE
922 157 1143 195 FINIBUS

282 238 410 275 verbis
449 251 659 283 exponere.
720 237 772 273 Et
809 242 946 274 tamen
983 243 1081 283 puto
1129 238 1292 275 concedi
1339 240 1451 276 nobis

282 323 466 363 oportere
492 322 537 353 ut
566 318 718 353 Graeco
745 317 864 353 verbo
888 322 1058 362 utamur,
1080 320 1110 354 si
1137 319 1295 363 quando
1322 322 1451 355 minus

282 402 463 434 occurret
501 396 702 441 Latinum,
741 409 793 433 ne
830 396 906 433 hoc
934 386 1177 443 ‘ephippiis'
1209 403 1251 434 et
1280 388 1451 434 ‘acrato-

763 466 773 482 ζ

283 477 415 523 phoris
429 477 436 487 ’
466 479 598 522 potius
624 489 741 521 quam
787 478 1038 521 proegmenis
1052 476 1060 488 ’
1083 482 1125 514 et
1146 467 1449 522 ‘apopro'e'gmev

282 560 343 594 nis
357 558 364 569 ’
388 556 639 593 concedatur,
699 555 950 601 Quamquam
966 556 1064 592 haec
1082 557 1241 602 quidem
1264 548 1275 563 ‘
1289 571 1451 603 praepo-

282 637 376 673 sita'
396 641 504 673 recte
522 640 564 672 et
583 626 755 672 ‘reiecta
768 635 775 647 ’
794 635 926 672 dicere
939 635 1114 672 licebit.”
1155 627 1181 643 ‘⁶
1195 636 1302 672 Bene
1317 635 1450 682 saciss’

282 720 424 762 inquit,
458 707 482 723 “
496 716 601 761 quod
639 729 704 753 me
742 716 925 760 adiuvas;
960 721 1002 752 et
1035 720 1119 753 istis
1155 717 1315 762 quidem
1352 729 1451 762 quae

281 797 399 833 modo
420 796 554 832 dixisti
570 801 658 832 utar
674 799 804 841 potius
823 796 993 839 Latini33
1023 799 1064 831 in
1085 800 1227 832 ceteris
1243 797 1451 834 subvenies

282 883 314 917 si
333 893 397 916 me
420 879 654 916 haerentem
680 879 870 915 videbis.’'
929 870 1151 924 “Sedulo,'’
1174 883 1334 925 inquam
1356 871 1450 916 “fa-

281 967 390 1001 ciam.
450 963 529 1000 Sed
568 962 727 999 fortuna
765 962 908 1006 fortes;
947 976 1067 1009 quare
1106 977 1261 1009 conare,
1292 977 1447 1009 quaeso.

282 1047 388 1093 Quid
411 1050 516 1083 enim
537 1059 742 1092 possumus
762 1046 836 1082 hoc
857 1059 974 1091 agere
996 1046 1224 1083 divinius?’'

336 1131 380 1166 V.
414 1122 586 1166 “Placet
605 1129 704 1174 his‚'’
727 1132 869 1174 inquit,
892 1119 1090 1174 “quorum
1118 1133 1218 1166 ratio
1244 1131 1341 1166 mihi
1361 1144 1448 1177 pro-

282 1215 412 1259 batur,
433 1214 547 1250 simul
568 1218 688 1258 atque
710 1218 848 1249 natum
870 1216 921 1250 sit
943 1213 1088 1249 animal
1117 1207 1227 1257 (hinc
1255 1218 1361 1250 enim
1389 1220 1450 1251 est

282 1289 548 1341 ordiendum),
570 1299 698 1342 ipsum
719 1297 791 1332 sibi
813 1296 1010 1332 conciliari
1038 1301 1079 1333 et
1106 1297 1373 1333 commendari
1399 1298 1448 1334 ad

281 1394 323 1418 se
353 1380 666 1417 conservandum
698 1384 739 1416 et
768 1379 817 1415 ad
848 1393 961 1415 suum
996 1385 1143 1416 statum
1183 1393 1307 1425 eaque
1347 1394 1446 1426 quae

282 1466 553 1501 conservantia
595 1468 689 1499 sunt
735 1465 818 1499 eius
866 1468 991 1499 status
1030 1463 1245 1508 diligenda,
1284 1464 1445 1500 alienari

281 1552 415 1583 autem
447 1547 496 1582 ab
528 1549 691 1582 interitu
724 1549 849 1591 iisque
881 1546 997 1582 rebus
1027 1559 1126 1591 quae
1155 1549 1362 1583 interitum
1392 1551 1446 1584 vi-

280 1629 450 1666 deantur
470 1629 618 1665 afferre.
680 1628 726 1665 Id
747 1631 803 1665 ita
830 1642 915 1666 esse
943 1632 997 1665 sie
1024 1630 1206 1675 probant,
1227 1630 1332 1675 quod
1352 1636 1446 1669 ante

279 1726 396 1758 quam
418 1712 596 1757 voluptas
617 1717 685 1748 aut
706 1712 817 1748 dolor
836 1715 1030 1757 attigerit,
1050 1713 1234 1749 salutaria
1253 1719 1447 1759 appetant

278 1798 385 1841 parvi
406 1800 747 1840 aspernenturque
769 1798 976 1840 contraria,
998 1795 1102 1840 quod
1128 1809 1207 1832 non
1234 1796 1347 1833 fieret
1370 1800 1444 1834 nisi

278 1882 425 1915 statum
453 1890 565 1913 suum
593 1877 820 1922 diligerent,
846 1880 1052 1914 interitum
1080 1881 1280 1915 timerent.
1342 1879 1443 1916 Fieri

276 1966 410 1997 autem
431 1973 510 1996 non
531 1964 665 2005 posset
685 1964 730 1995 ut
749 1965 989 2005 appeterent
1009 1961 1157 2006 aliquid
1185 1964 1259 1998 nisi
1284 1975 1442 1998 sensum

276 2039 472 2076 haberent
495 2042 553 2075 sui
575 2051 700 2084 eoque
722 2051 763 2075 se
785 2039 1011 2084 diligerent.
1087 2040 1145 2077 Ex
1168 2030 1441 2087 quo'intellegi

386 2098 463 2129 232
