1574 2364
217 746 260 779 152

597 137 792 176 CICERO
824 138 898 176 DE
929 139 1149 179 FINIBUS

290 218 447 255 suavius
467 229 586 263 quam
606 216 707 254 nihil
734 217 926 256 dolere?”
987 210 1149 257 “Immo
1169 223 1220 259 sit
1241 234 1333 259 sane
1354 221 1453 260 nihil

290 291 470 338 melius,’'
482 294 657 338 inquam,
666 283 895 337 “(nondum
910 297 1015 331 enim
1029 295 1069 332 id
1079 287 1253 342 quaero),
1264 309 1359 333 num
1368 310 1455 342 pro-

291 371 430 413 pterea
450 367 557 404 idem
573 367 753 414 voluptas
775 373 836 405 est
852 369 970 414 quod,
986 374 1032 406 ut
1047 372 1102 407 ita
1118 370 1258 416 dicam,
1276 371 1456 408 indolen-

292 441 400 478 tia?'’
461 432 618 479 “Plane
648 442 798 488 idem,'’
822 445 964 489 inquit,
986 434 1062 481 “et
1086 447 1256 481 maxima
1283 444 1457 491 quidem,

291 530 367 562 qua
380 517 464 554 fieri
477 517 586 554 nulla
598 520 722 554 maior
733 518 906 564 potest.''
966 509 992 526 “
1001 517 1108 564 Quid
1124 518 1281 557 dubitas
1295 519 1456 565 igitur,”

478 582 665 629 “summo
681 592 784 629 bono
800 605 822 629 a
837 597 879 629 te
895 595 950 629 ita
966 596 1183 630 constituto
1203 598 1248 631 ut
1267 593 1308 631 id
1327 599 1457 632 totum

290 595 465 638 inquam,

291 669 332 702 in
364 679 444 703 non
475 666 648 704 dolendo
686 670 749 712 sit,
780 666 820 703 id
857 672 997 704 tenere
1028 680 1165 714 unum,
1197 667 1238 704 id
1270 671 1386 714 tueri,
1418 668 1458 706 id

292 740 535 779 defendere?
606 741 714 788 Quid
764 745 871 779 enim
921 754 1083 780 necesse
1134 747 1207 789 est,
1257 747 1460 788 tamquam

292 819 544 854 meretricem
574 819 615 853 in
645 821 913 853 matronarum
942 822 1114 863 coetum,
1140 819 1194 854 sic
1214 816 1461 864 voluptatem

294 892 333 926 in
354 892 546 927 virtutum
568 889 778 926 concilium
794 889 1015 927 adducere?
1057 889 1299 927 Invidiosum
1315 903 1459 928 nomen

293 969 365 1010 est,
387 964 550 1010 infame,
570 969 809 1010 suspectum.
872 963 1012 1010 Itaque
1037 964 1111 1001 hoc
1132 964 1364 1010 frequenter
1383 965 1460 1003 dici

293 1039 395 1076 solet
410 1053 432 1075 a
445 1040 567 1085 vobis,
580 1052 661 1075 non
674 1039 913 1084 intellegere
926 1052 996 1076 nos
1010 1052 1128 1085 quam
1141 1039 1248 1076 dicat
1267 1039 1459 1086 Epicurus

295 1114 552 1160 voluptatem.
615 1112 734 1159 Quod
761 1113 922 1159 quidem
950 1113 1048 1150 mihi
1074 1116 1106 1151 si
1130 1114 1288 1160 quando
1308 1114 1458 1151 dictum

295 1194 356 1227 est
384 1181 463 1234 (est
490 1194 625 1226 autem
647 1189 799 1225 dictum
819 1202 899 1225 non
927 1202 1064 1235 parum
1092 1180 1242 1235 saepe),
1263 1192 1338 1226 etsi
1366 1191 1460 1226 satis

295 1264 470 1300 clemens
502 1276 588 1300 sum
619 1266 661 1299 in
693 1263 946 1309 disputando.
966 1269 1102 1301 tamen
1127 1264 1329 1300 interdum
1355 1264 1462 1301 soleo

296 1339 494 1375 subirasci.
555 1338 693 1383 Egone
741 1351 821 1374 non
865 1338 1070 1384 intellego,
1117 1338 1212 1384 quid
1257 1340 1309 1376 sit
1349 1338 1461 1386 ἡδονή

297 1414 462 1458 Graece,
486 1412 628 1449 Latine
657 1403 901 1458 ‘voluptas'?
933 1417 1063 1449 utram
1092 1412 1256 1450 tandem
1286 1412 1461 1459 linguam

296 1485 452 1521 nescio?
510 1483 669 1520 Deinde
710 1486 776 1528 qui
817 1483 874 1529 fit,
915 1488 961 1520 ut
1001 1496 1075 1528 ego
1110 1486 1295 1528 nesciam,
1336 1487 1462 1522 sciant

302 1561 439 1585 omnes
455 1551 693 1598 quicumque
711 1548 896 1598 Epicurei
913 1562 998 1586 esse
1014 1549 1226 1586 voluerunt
1242 1550 1255 1572 ¹
1272 1552 1287 1588 Ρ
1340 1550 1457 1596 Quod

303 1620 421 1655 vestri
442 1618 602 1667 quidem
624 1617 686 1655 vel
707 1620 856 1667 optime
876 1618 1096 1667 disputant,
1117 1619 1216 1655 nihil
1245 1633 1342 1669 opus
1371 1633 1456 1657 esse

303 1700 394 1725 eum
406 1690 472 1737 qui
486 1686 643 1725 futurus
656 1690 708 1724 sit
720 1687 978 1737 philosophus
993 1691 1091 1724 scire
1107 1688 1275 1727 litteras.
1317 1689 1457 1739 Itaque

302 1762 347 1794 ut
358 1759 524 1794 maiores
538 1759 660 1793 nostri
674 1757 723 1793 ab
737 1762 865 1794 aratro
880 1757 1135 1795 adduxerunt
1149 1757 1164 1780 2
1177 1758 1456 1795 Cincinnatum

302 1827 414 1864 illum
443 1831 488 1863 ut
519 1826 691 1863 dictator
722 1831 841 1872 esset,
871 1829 926 1864 sic
957 1839 1024 1863 vos
1052 1826 1104 1863 de
1131 1829 1243 1877 pagis
1273 1828 1456 1865 omnibus

302 1896 486 1946 colligitis
507 1896 629 1932 bonos
649 1895 735 1933 illos
757 1895 918 1945 quidem
934 1898 1035 1933 viros
1051 1896 1120 1933 sed
1142 1902 1248 1934 certe
1269 1910 1349 1934 non
1369 1910 1457 1947 per-

303 1974 363 2047 ΜΞ
381 1974 559 2005 voluerunt
596 1972 706 2009 MSS..
739 1972 845 2004 Clark
878 1971 1064 2012 (clausulae
1102 1973 1244 2013 causa)‚·
1289 1973 1455 2006 voluerint

303 2028 325 2047 μ
367 2027 401 2047 v.

346 2059 358 2078 ²
382 2058 596 2090 adduxerunt
611 2065 622 2089 .·
645 2067 743 2090 some
760 2056 823 2089 inf.
841 2057 940 2090 MSS.
959 2055 1183 2092 abduxerunt.

404 2102 454 2139 90
