1615 2359
238 1137 287 1176 6*

611 125 807 162 CICERO
839 124 913 161 DE
944 124 1163 162 FINIBUS

304 209 570 251 maximasque
591 205 640 240 ab
661 217 707 241 eo
735 209 777 241 et
801 206 1046 250 gravissimas
1073 217 1135 241 res
1162 203 1323 240 consilio
1349 206 1469 250 ipsius

306 266 349 298 et
374 263 526 297 ratione
553 259 837 303 administrari3
867 271 997 305 neque
1017 261 1205 295 maiorem
1225 258 1471 305 voluptatem

306 329 355 352 ex
375 315 529 351 infinito
549 319 729 360 tempore
749 316 891 351 aetatis
906 315 1056 359 percipi
1071 326 1184 359 posse
1200 326 1318 359 quam
1334 326 1382 350 ex
1397 312 1472 350 hoc

308 372 546 416 percipiatur
574 369 680 415 quod
709 368 910 405 videamus
935 381 1019 405 esse
1046 368 1226 404 finitum?
1278 367 1325 404 In
1351 367 1473 404 diale-

307 428 407 461 ctica
435 429 570 461 autem
598 428 729 460 vestra
756 423 906 459 nullam
936 425 1175 459 existimavit
1203 435 1288 459 esse
1319 435 1393 460 nec
1423 421 1473 458 ad

307 479 448 516 melius
482 478 695 515 vivendum
729 491 804 514 nec
837 477 887 514 ad
922 477 1165 514 commodius
1199 477 1472 514 disserendum

307 537 396 570 vim.
457 532 504 570 In
524 533 696 579 physicis
719 532 931 578 plurimum
956 534 1098 578 posuit.
1157 532 1215 568 Ea
1241 534 1406 569 scientia
1432 536 1474 568 et

308 589 517 626 verborum
535 590 592 624 vis
622 592 664 625 et
692 592 832 624 natura
860 589 1046 623 orationis
1075 591 1118 623 et
1145 589 1473 632 consequentium

309 645 665 689 repugnantiumve
682 645 780 678 ratio
796 646 929 687 potest
944 644 1131 687 perspici;
1152 644 1327 678 omnium
1339 646 1473 678 autem

310 711 441 735 rerum
453 702 593 734 natura
605 700 763 742 cognita
775 696 951 733 levamur
963 699 1255 742 superstitione,
1263 696 1475 733 liberamur

312 756 448 789 mortis
468 757 591 797 metu,
612 765 692 788 non
714 751 994 788 conturbamur
1019 754 1265 796 ignoratione
1288 764 1434 796 rerum,
1455 763 1476 788 e

312 821 389 853 qua
400 810 484 853 ipsa
494 806 701 843 horribiles
715 809 910 843 exsistunt
918 818 1034 852 saepe
1044 805 1273 843 formidines
1284 819 1293 851 ;
1306 806 1478 851 denique

314 866 435 899 etiam
465 864 606 898 morati
636 861 777 898 melius
810 864 954 897 erimus
984 874 1073 897 cum
1102 861 1354 897 didicerimus
1384 860 1478 906 quid

315 922 455 954 natura
475 916 685 953 desideret.
745 915 847 952 Tum
875 928 980 961 vem,
1002 918 1033 952 si
1062 915 1245 952 stabilem
1274 918 1478 952 scientiam

314 985 446 1009 rerum
471 971 710 1015 tenebimus,
731 975 884 1007 servata
910 970 976 1006 illa
1000 983 1099 1015 quae
1120 973 1229 1016 quasi
1249 970 1409 1017 delapsa
1428 970 1478 1007 de

317 1027 426 1063 caelo
453 1030 514 1063 est
540 1025 590 1062 ad
617 1028 887 1070 cognitionem
913 1027 1089 1061 omnium
1115 1024 1264 1070 regula,
1285 1025 1334 1061 ad
1362 1038 1478 1070 quam

317 1084 447 1118 omnia
484 1080 629 1117 iudicia
665 1093 797 1117 rerum
835 1080 1070 1125 dirigentur,
1108 1093 1323 1125 numquam
1361 1079 1478 1116 ullius

318 1139 495 1173 oratione
533 1137 627 1172 victi
665 1137 867 1172 sententia
904 1134 1150 1171 desistemus.
1223 1134 1308 1171 Nisi
1345 1139 1480 1171 autem

319 1204 449 1228 rerum
476 1195 617 1226 natura
643 1194 852 1235 perspecta
879 1191 966 1234 erit,
987 1189 1096 1225 nullo
1122 1189 1240 1226 modo
1265 1192 1482 1235 poterimus

319 1258 505 1283 sensuum
525 1244 669 1281 iudicia
695 1243 923 1280 defendere.
983 1243 1188 1289 Quidquid
1214 1257 1328 1290 porro
1354 1247 1485 1280 animo

321 1303 529 1345 cernimus,
549 1299 591 1336 id
619 1312 736 1335 omne
766 1301 889 1335 oritur
916 1311 939 1334 a
967 1299 1165 1341 sensibus;
1195 1301 1262 1344 qui
1290 1301 1322 1336 si
1351 1311 1487 1336 omnes

321 1358 403 1392 veri
423 1359 552 1399 erunt,
573 1358 619 1390 ut
646 1354 805 1399 Epicuri
831 1355 930 1389 ratio
957 1352 1087 1398 docet,
1107 1357 1194 1390 tum
1220 1353 1393 1399 denique
1420 1366 1487 1399 po-

321 1413 418 1447 terit
437 1409 585 1454 aliquid
612 1410 796 1453 cognosci
823 1413 866 1445 et
892 1410 1051 1454 percipi.
1111 1407 1220 1454 Quos
1247 1411 1315 1454 qui
1340 1408 1490 1445 tollunt

323 1470 365 1502 et
384 1464 482 1500 nihil
503 1476 616 1509 posse
642 1465 792 1509 percipi
819 1462 970 1508 dicunt,
991 1465 1018 1499 ii
1044 1465 1206 1499 remotis
1232 1463 1410 1500 sensibus
1437 1475 1488 1499 ne

367 1543 566 1583 aEpieurus
589 1541 779 1572 discardcd
801 1542 859 1572 the
883 1541 1059 1572 orthodox
1083 1541 1193 1582 Logic
1217 1540 1284 1582 (ep.
1303 1542 1320 1580 §
1343 1543 1409 1580 22),
1427 1541 1489 1573 but

324 1585 495 1618 attacked
511 1595 608 1616 some
625 1584 665 1615 of
683 1585 727 1615 its
751 1583 928 1625 problems
951 1584 984 1614 in
1008 1584 1066 1615 the
1090 1584 1180 1625 light
1203 1584 1243 1615 of
1262 1585 1315 1615 his
1338 1585 1489 1616 Natural

327 1629 559 1669 Philosophy:
594 1638 665 1667 e.g.
693 1627 850 1667 denying
872 1627 1050 1667 necessity
1073 1627 1106 1657 in
1132 1627 1280 1666 Nature,
1298 1628 1341 1659 he
1364 1627 1489 1658 denied

326 1673 386 1703 the
404 1672 489 1702 Law
507 1671 546 1702 of
558 1671 615 1701 the
632 1670 812 1701 Excluded
831 1670 964 1701 Middle
980 1669 1203 1710 (Academica
1222 1680 1250 1701 2.
1265 1679 1318 1711 97,
1337 1670 1408 1701 and
1432 1681 1490 1702 see

326 1715 383 1746 W.
401 1715 446 1745 M.
466 1714 504 1744 L.
521 1713 757 1750 Hutehinson,
770 1713 810 1744 de
821 1713 971 1743 Finibus
986 1723 1017 1753 p.
1040 1712 1127 1752 234).
1153 1713 1228 1744 The
1242 1713 1435 1745 ‘criterion'
1453 1724 1493 1744 or

326 1761 396 1789 test
413 1757 451 1787 of
464 1757 559 1787 truth
576 1757 618 1787 he
631 1756 770 1787 treated
787 1756 897 1787 under
912 1756 970 1786 the
986 1756 1079 1786 head
1095 1755 1134 1787 of
1149 1758 1156 1772 ‘
1169 1756 1346 1787 Canonic'
1363 1756 1490 1796 (κανών,

330 1800 461 1841 regula,
487 1810 509 1830 a
533 1798 845 1839 measuring-rod).
893 1799 1008 1839 Being
1030 1798 1143 1829 based
1165 1809 1209 1829 on
1233 1799 1287 1830 his
1311 1800 1435 1840 theory
1459 1799 1499 1830 of

326 1843 509 1874 sensation
539 1841 570 1882 (ξ
597 1841 662 1881 21),
695 1841 892 1873 ‘Canonic'
917 1852 993 1872 was
1020 1842 1158 1882 ranged
1189 1842 1299 1873 under
1325 1842 1493 1883 ‘Physie’

324 1885 526 1927 (Diogenes
551 1885 724 1923 Laertius,
746 1895 792 1916 10.
814 1883 882 1925 30).
930 1885 961 1915 It
978 1885 1081 1916 made
1098 1884 1156 1915 the
1172 1894 1295 1916 senses
1312 1885 1490 1923 infallible,

326 1929 397 1960 and
421 1930 480 1959 the
504 1928 577 1959 sole
601 1938 725 1958 source
748 1927 788 1958 of
806 1928 1037 1967 knowledge;
1059 1928 1131 1959 and
1156 1928 1181 1958 it
1204 1938 1298 1967 gave
1323 1929 1414 1959 rules
1437 1927 1492 1959 for

325 1971 461 2012 testing
482 1972 540 2002 the
557 1970 703 2011 validity
720 1970 759 2001 of
777 1970 951 2001 inference
973 1971 1063 2002 from
1088 1971 1280 2010 sensati0n‚
1298 1971 1412 2002 which
1428 1981 1490 2002 are

326 2026 348 2046 a
364 2015 469 2046 crude
486 2014 735 2045 adumbration
752 2013 824 2044 osa
843 2013 953 2053 Logic
969 2013 1010 2044 of
1022 2013 1216 2045 Induction.

433 2063 483 2102 66
