1574 2364
229 1004 275 1038 35

228 1529 276 1567 36

616 124 811 161 CICERO
842 124 917 160 DE
948 124 1166 162 FINIBUS

305 203 447 241 animal
467 203 708 250 applicatum
730 217 814 240 esse
835 203 885 240 ad
905 203 945 240 id
966 204 1071 250 quod
1087 207 1127 240 in
1144 217 1191 242 eo
1207 207 1257 242 sit
1273 207 1467 251 optimum

303 275 345 307 et
364 274 404 307 in
422 274 504 307 eius
520 272 634 307 unius
655 275 891 315 occupatum
907 282 991 307 esse
1009 270 1198 316 custodia,
1215 270 1463 317 reliquasque

303 342 462 373 naturas
480 336 580 373 nihil
600 334 707 372 aliud
727 348 845 381 agere
865 338 941 373 nisi
966 341 1012 373 ut
1038 336 1078 372 id
1106 341 1342 373 conservent
1362 335 1466 382 quod

305 406 345 439 in
359 416 513 448 quaque
530 405 725 448 optimum
741 402 815 438 sit?
837 401 1046 447 Quomodo
1062 407 1197 439 autem
1212 405 1420 448 optimum,
1435 405 1466 439 si

304 470 451 505 bonum
464 474 671 515 praeterea
683 468 838 504 nullum
851 469 936 505 est?
953 468 1022 505 Sin
1035 473 1170 505 autem
1183 468 1334 514 reliqua
1346 481 1466 514 appe-

304 535 424 572 tenda
443 540 549 580 sunt,
566 548 646 580 cur,
664 534 769 580 quod
790 538 851 571 est
870 534 1053 571 ultimum
1075 548 1206 571 rerum
1222 534 1466 581 appetenda-

304 615 402 646 rum,
419 602 459 639 id
476 615 555 638 non
571 606 640 638 aut
656 614 703 638 ex
720 604 895 638 omnium
913 614 1046 638 earum
1062 606 1131 638 aut
1146 615 1194 638 ex
1209 601 1465 647 plurimarum

305 674 347 705 et
365 672 624 705 maximarum
643 670 891 714 appetitione
912 667 1188 704 concluditur?
1231 668 1287 704 Ut
1309 667 1466 704 Phidias

305 741 438 781 potest
468 748 490 771 a
522 737 647 781 primo
678 738 887 771 instituere
922 737 1079 779 signum
1111 734 1231 780 idque
1265 734 1467 780 perficere,

305 806 438 848 potest
462 802 512 838 ab
532 801 608 838 alio
627 801 857 837 inchoatum
877 803 1056 846 accipere
1078 805 1119 838 et
1139 800 1354 845 absolvere,
1376 800 1466 836 huic

305 868 440 905 similis
462 873 522 904 est
541 870 733 913 sapientia
750 880 758 911 3
778 881 857 903 non
879 870 984 904 enim
1005 870 1087 913 ipsa
1106 870 1247 912 genuit
1266 867 1467 903 hominem

306 935 376 971 sed
395 938 549 980 accepit
569 948 591 970 a
611 939 751 971 natura
778 934 1031 978 inchoatum;
1057 933 1160 970 hanc
1188 947 1282 979 ergo
1307 936 1468 970 intuens

306 1001 428 1038 debet
448 1004 677 1037 institutum
698 1000 796 1037 illud
813 1003 923 1045 quasi
939 1003 1096 1045 signum
1112 999 1327 1037 absolvere.
1361 999 1467 1045 Qua-

305 1067 384 1104 lem
411 1070 533 1113 igitur
560 1067 762 1103 hominem
789 1071 930 1103 natura
950 1066 1180 1103 inchoavit?
1207 1071 1249 1103 et
1275 1067 1381 1112 quod
1408 1071 1469 1104 est

305 1147 460 1178 munus,
482 1133 587 1178 quod
608 1146 704 1178 opus
731 1133 978 1178 sapientiae?
1006 1132 1101 1178 quid
1129 1137 1189 1169 est
1215 1132 1321 1178 quod
1346 1132 1396 1169 ab
1423 1145 1469 1169 ea

305 1200 453 1236 absolvi
487 1205 530 1237 et
562 1200 696 1245 perfici
731 1199 906 1235 debeat?
964 1199 1005 1236 Si
1042 1198 1141 1235 nihil
1181 1191 1239 1244 [in
1278 1212 1324 1236 eo
1362 1199 1468 1244 quod

306 1266 591 1312 perficiendum
613 1257 712 1310 est]l
735 1270 893 1311 praeter
912 1270 1065 1302 motum
1092 1268 1228 1311 ingeni
1255 1265 1468 1311 quendam,

305 1330 345 1367 id
373 1335 446 1375 est,
467 1333 674 1374 rationem,
701 1342 863 1366 necesse
891 1334 952 1366 est
978 1329 1070 1365 huic
1097 1329 1281 1366 ultimum
1309 1342 1393 1366 esse
1420 1342 1467 1366 ex

306 1400 453 1433 virtute
474 1409 592 1441 agere
609 1409 617 1439 ;
637 1398 799 1432 rationis
821 1398 926 1432 enim
953 1395 1147 1441 perfectio
1175 1401 1236 1433 est
1262 1399 1409 1440 virtus;
1436 1398 1466 1432 si

306 1463 403 1500 nihil
420 1466 494 1499 nisi
512 1476 665 1508 corpus,
682 1476 833 1499 sumnia
850 1467 967 1498 erunt
983 1462 1062 1507 illa,
1079 1462 1277 1507 valetudo,
1294 1465 1466 1499 vacuitas

307 1530 464 1574 doloris,
486 1529 754 1575 pulchritudo,
776 1533 919 1565 cetera.
956 1529 1063 1565 XIV.
1088 1529 1205 1565 Nunc
1225 1529 1275 1566 de
1297 1529 1466 1566 hominis

305 1609 457 1632 summo
489 1595 592 1631 bono
626 1597 852 1640 quaeritur3
887 1595 982 1640 quid
1016 1597 1138 1639 igitur
1166 1595 1392 1632 dubitamus
1426 1598 1466 1631 in

304 1667 389 1698 tota
410 1664 492 1698 eius
513 1666 653 1697 natura
680 1673 869 1706 quaerere
897 1661 991 1706 quid
1019 1664 1070 1698 sit
1098 1661 1312 1698 effectum?
1369 1661 1467 1698 Cum

304 1731 410 1765 enim
431 1731 587 1763 constet
614 1730 719 1763 inter
745 1740 882 1764 omnes
909 1740 1025 1764 omne
1052 1727 1220 1763 officium
1246 1741 1467 1773 munusque

302 1796 520 1840 sapientiae
541 1795 581 1828 in
602 1792 771 1829 hominis
792 1793 902 1829 cultu
924 1806 1009 1830 esse
1030 1798 1278 1838 occupatum,
1305 1793 1370 1829 alii
1397 1785 1465 1837 (ne

302 1873 365 1896 me
387 1861 588 1895 existimes
609 1863 746 1894 contra
773 1859 925 1896 Stoicos
952 1859 1078 1896 solum
1108 1851 1258 1903 dicere)
1286 1872 1351 1896 eas
1377 1872 1464 1895 sen-

345 1962 406 1994 -in
422 1974 458 1994 eo
474 1963 826 2004 quodperficzendum
843 1966 893 1994 est
903 1963 1096 1994 bracketed
1113 1964 1158 2004 by
1172 1964 1241 2001 ed.,
1261 1974 1314 2005 cp.
1334 1965 1350 2002 ξ
1365 1973 1404 2005 27
1415 1964 1464 2001 f.;

307 2007 400 2037 Mdv.
422 2007 459 2036 in
476 2017 541 2047 quo
556 2006 591 2046 (i.
598 2016 627 2037 e.
647 2006 685 2036 in
702 2006 820 2047 altquo
835 2006 1003 2047 animali)
1013 2007 1265 2048 peficiendum
1283 2010 1342 2039 est.

412 2060 487 2092 338
