1574 2364
228 1178 272 1210 51

609 170 804 208 CICERO
835 171 910 208 DE
940 172 1159 210 FINIBUS

304 251 469 288 honeste
491 253 566 287 vivi
587 253 661 287 nisi
682 250 849 287 honeste
871 252 1050 288 vivatur?
1108 252 1173 288 An
1193 255 1267 289 nisi
1288 252 1465 298 populari

305 322 406 358 fama
421 324 434 357 Ρ
469 322 563 359 Sine
580 334 626 358 ea
640 324 762 366 igitur
778 321 948 358 iucunde
965 328 1088 367 negat
1103 336 1216 368 posse
1233 336 1273 359 se
1290 315 1467 360 viverel?

306 392 411 438 Quid
432 395 585 438 turpius
613 406 730 437 quam
757 395 946 437 sapientis
974 396 1094 429 vitam
1123 407 1170 430 ex
1198 396 1471 439 insipientium

306 476 484 504 sermone
516 463 721 508 pendere?
779 462 887 508 Quid
918 475 1012 507 ergo
1044 463 1118 500 hoc
1149 464 1235 500 loco
1268 464 1471 509 intellegit

306 534 544 571 honestum?
604 534 720 570 Certe
741 533 839 570 nihil
854 536 928 570 nisi
944 534 1049 579 quod
1065 537 1188 579 possit
1207 537 1336 580 ipsum
1355 547 1471 580 prop-

307 611 367 642 ter
404 618 445 641 se
484 608 567 641 iure
601 604 760 641 laudari.
822 605 925 641 Nam
956 607 985 641 si
1021 610 1183 651 propter
1212 605 1471 651 voluptatem,

304 689 405 722 quae
427 681 488 712 est
508 678 582 712 ista
602 675 685 711 laus
706 688 805 721 quae
827 678 949 721 possit
971 688 992 712 e
1021 675 1186 713 macello
1207 677 1322 721 peti?
1380 676 1471 713 Non

306 750 337 784 is
357 750 414 783 vir
435 752 495 783 est
516 752 574 792 ut,
595 760 684 783 cum
705 746 958 783 honestatem
979 759 1026 783 eo
1053 747 1138 783 loco
1158 746 1304 785 habeat
1322 751 1368 784 ut
1388 750 1472 784 sine

308 831 352 855 ea
383 817 554 854 iucunde
586 822 710 862 neget
742 830 854 862 posse
886 820 975 862 vivi,
1003 817 1101 854 illud
1128 817 1341 854 honestum
1369 817 1474 863 quod

309 889 495 935 populare
529 891 580 924 sit
611 890 758 924 sentiat
789 892 831 924 et
858 891 942 924 sine
971 901 1017 924 eo
1044 893 1168 933 neget
1194 888 1366 925 iucunde
1397 891 1475 924 vivi

308 973 434 1006 posse,
461 964 530 996 aut
557 958 773 1004 quidquam
800 958 907 995 aliud
935 958 1147 995 honestum
1168 959 1380 1004 intellegat
1399 962 1473 995 nisi

308 1030 413 1075 quod
433 1033 484 1066 sit
503 1034 656 1065 rectum
677 1032 884 1074 ipsumque
905 1041 976 1074 per
995 1042 1050 1074 se,
1071 1042 1139 1065 sua
1159 1032 1209 1074 vi,
1230 1042 1298 1066 sua
1318 1034 1472 1075 sponte,

308 1115 376 1138 sua
396 1106 537 1137 natura
556 1100 764 1136 laudabile.

362 1172 466 1208 XVI.
493 1162 516 1179 “
528 1171 682 1216 Itaque,
700 1170 913 1216 Torquate,
928 1184 1017 1207 cum
1030 1171 1182 1208 diceres
1197 1171 1364 1208 clamare
1379 1171 1471 1217 Epi-

308 1256 443 1280 curum
470 1256 550 1279 non
576 1255 689 1288 posse
713 1242 884 1278 iucunde
909 1245 986 1278 vivi
1012 1245 1086 1279 nisi
1112 1242 1280 1279 honeste
1304 1248 1346 1279 et
1373 1245 1472 1288 sapi-

308 1320 422 1351 enter
436 1319 477 1350 et
492 1316 594 1350 iuste
609 1316 818 1357 viveretur,
834 1318 877 1349 tu
894 1316 977 1358 ipse
994 1312 1090 1349 mihi
1103 1313 1261 1358 gloriari
1274 1313 1470 1350 videbare.

307 1386 435 1422 Tanta
455 1387 510 1421 vis
531 1387 658 1420 inerat
678 1387 718 1420 in
739 1384 867 1420 verbis
888 1389 1049 1429 propter
1070 1397 1203 1420 earum
1223 1397 1353 1421 rerum
1374 1397 1474 1430 quae

307 1456 628 1502 significabantur
648 1455 707 1491 his
728 1455 856 1491 verbis
876 1455 1128 1500 dignitatem,
1149 1461 1194 1492 ut
1213 1455 1328 1492 altior
1348 1455 1473 1500 fieres,

308 1533 352 1564 ut
371 1526 572 1563 interdum
593 1529 806 1570 insisteres,
824 1531 869 1562 ut
888 1538 958 1562 nos
978 1528 1138 1562 intuens
1158 1529 1267 1571 quasi
1287 1525 1472 1562 testifica-

306 1612 392 1636 rere
423 1597 572 1634 laudari
604 1597 855 1633 honestatem
888 1602 930 1634 et
960 1600 1149 1634 iustitiam
1180 1597 1390 1643 aliquando
1421 1597 1470 1633 ab

307 1671 487 1715 Epicuro.
549 1668 678 1713 Quam
703 1673 746 1704 te
774 1668 942 1704 decebat
969 1670 1014 1704 iis
1039 1669 1167 1705 verbis
1190 1671 1250 1705 uti
1274 1669 1415 1714 quibus
1439 1671 1470 1705 si

304 1739 527 1787 philosophi
561 1752 641 1775 non
671 1744 892 1783 uterentur,
924 1738 1170 1784 philosophia
1200 1742 1361 1775 omnino
1391 1751 1470 1775 non

305 1823 522 1856 egeremus.
593 1809 761 1846 Istorum
801 1813 907 1846 enim
946 1810 1152 1846 verborum
1191 1822 1336 1854 amore,
1371 1822 1470 1855 quae

304 1894 459 1928 perraro
479 1880 729 1925 appellantur
749 1880 798 1916 ab
819 1879 1001 1925 Epicuro,
1023 1883 1252 1926 sapientiae,
1269 1879 1468 1916 fortitudi-

300 1956 374 1998 nis,
393 1954 579 1995 iustitiae,
604 1953 904 1996 temperantiae,
928 1953 1271 1996 praestantissimis
1296 1953 1466 1996 ingeniis

339 2051 350 2069 ¹
359 2056 457 2093 posse
471 2062 505 2081 se
518 2050 635 2081 vivere
650 2049 744 2081 Mdv.
763 2062 770 2086 ;
782 2054 880 2090 posse
891 2050 971 2082 vivi
982 2049 1089 2081 Orelli
1099 2062 1107 2087 ς
1118 2054 1217 2092 posse
1229 2051 1345 2083 vivere
1357 2050 1456 2082 MSS.

409 2106 424 2137 1
435 2104 483 2138 38
