1533 2349
236 526 249 557 1

583 268 637 306 Μ.
660 268 848 307 TULLII
871 269 1157 307 CICERONIS

832 331 907 368 DE

414 394 634 433 FINIBUS
657 394 933 432 BONORUM
955 395 1023 431 ET
1044 395 1323 433 MALORUM

672 457 835 493 LIBER
857 457 1061 495 PRIMUS

342 520 371 557 I.
399 520 490 557 Non
511 533 618 557 eram
638 523 806 565 nescius,
828 519 964 566 Brute,
985 534 1074 558 cum
1094 534 1193 567 quae
1214 524 1373 558 summis
1394 524 1451 557 in-

286 586 413 629 geniis
441 586 714 629 exquisitaque
739 583 919 620 doctrina
945 583 1168 630 philosophi
1196 584 1346 621 Graeco
1374 596 1452 621 ser-

286 660 403 684 mone
429 649 707 683 tractavissent
739 659 785 683 ea
812 646 963 683 Latinis
992 646 1135 684 litteris
1163 647 1453 692 mandaremus,

288 710 372 746 fore
392 714 437 746 ut
460 709 524 746 hie
544 714 680 746 noster
702 709 812 745 labor
834 711 875 745 in
897 712 1018 746 varias
1043 709 1370 755 reprehensiones
1396 712 1454 746 in-

289 777 475 810 curreret.
527 772 630 809 Nam
646 772 893 818 quibusdam,
915 778 956 809 et
976 775 1021 809 iis
1042 773 1203 818 quidem
1222 786 1301 809 non
1321 773 1455 809 admo-

290 837 385 873 dum
428 835 611 880 indoctis,
650 840 781 872 totum
824 835 899 872 hoc
946 835 1131 881 displicet
1177 835 1453 881 philosophari.

291 898 463 944 Quidam
478 903 612 935 autem
628 911 707 934 non
727 903 810 934 tam
828 898 870 934 id
889 898 1189 944 reprehendunt
1209 900 1240 935 si
1259 901 1456 935 remissius

291 966 443 1007 agatur,
464 961 534 997 sed
558 965 716 997 tantum
736 960 912 997 studium
932 966 1092 1006 tamque
1111 960 1277 997 multam
1297 974 1455 1006 operam

292 1023 517 1069 ponendam
537 1025 578 1059 in
594 1036 640 1059 eo
655 1037 736 1060 non
755 1023 1006 1059 arbitrantur.
1057 1023 1184 1059 Erunt
1205 1026 1336 1068 etiam,
1354 1028 1395 1060 et
1415 1022 1455 1058 hi

293 1086 455 1132 quidem
482 1086 624 1122 eruditi
655 1086 815 1122 Graecis
840 1085 997 1131 litteris,
1019 1090 1321 1122 contemnentes
1349 1085 1455 1122 Lati-

294 1162 376 1195 nas,
397 1151 464 1194 qui
487 1161 529 1186 se
549 1149 685 1186 dicant
708 1151 748 1184 in
774 1149 934 1185 Graecis
957 1148 1137 1194 legendis
1158 1161 1316 1194 operam
1338 1148 1455 1184 malle

295 1225 536 1249 consumere.
580 1211 782 1248 Postremo
798 1211 947 1256 aliquos
962 1211 1114 1248 futuros
1128 1213 1301 1257 suspicor
1313 1214 1379 1257 qui
1395 1224 1458 1247 me

295 1275 346 1312 ad
365 1276 458 1311 alias
482 1274 635 1311 litteras
655 1279 812 1320 vocent,
832 1287 958 1319 genus
981 1273 1056 1310 hoc
1080 1273 1290 1319 scribendi,
1312 1276 1387 1310 etsi
1411 1277 1461 1310 sit

298 1338 472 1383 elegans,
499 1350 690 1383 personae
716 1342 853 1374 tamen
884 1341 926 1373 et
952 1336 1157 1382 dignitatis
1184 1349 1269 1373 esse
1295 1341 1457 1381 negent.

298 1402 444 1437 Contra
481 1413 577 1445 quos
624 1413 760 1436 omnes
799 1399 1011 1436 dicendum
1058 1399 1231 1435 breviter
1268 1401 1459 1435 existimo.

299 1463 548 1508 Quamquam
599 1461 869 1507 philosophiae
922 1461 1082 1506 quidem
1133 1461 1462 1506 vituperatoribus

298 1528 391 1562 satis
411 1537 642 1570 responsum
663 1529 724 1561 est
744 1537 790 1560 eo
814 1524 912 1560 libro
940 1536 1016 1569 quo
1036 1536 1059 1559 a
1077 1523 1189 1559 nobis
1215 1523 1461 1569 philosophia

299 1589 463 1626 defensa
501 1593 543 1624 et
581 1588 802 1624 collaudata
835 1592 896 1624 est
935 1600 1022 1623 cum
1062 1591 1165 1623 esset
1202 1592 1382 1623 accusata
1421 1592 1462 1623 et

301 1655 521 1695 vituperata
540 1651 589 1686 ab
610 1650 837 1686 Hortensio.
889 1648 967 1694 Qui
986 1649 1086 1685 liber
1105 1662 1194 1685 cum
1215 1653 1256 1685 et
1279 1649 1351 1685 tibi
1375 1662 1462 1694 pro-

299 1714 414 1751 batus
438 1713 639 1748 videretur
666 1717 708 1749 et
732 1715 778 1749 iis
803 1725 898 1757 quos
925 1724 999 1756 ego
1026 1724 1138 1757 posse
1164 1711 1336 1747 iudicare
1363 1712 1463 1747 arbi-

300 1782 437 1820 trarer,
468 1775 580 1820 plura
610 1777 775 1820 suscepi,
807 1777 954 1810 veritus
987 1787 1038 1810 ne
1071 1786 1229 1810 movere
1259 1773 1462 1810 hominum

301 1839 431 1876 studia
456 1837 624 1882 viderer,
650 1840 823 1873 retinere
854 1850 935 1872 non
966 1849 1089 1882 posse.
1149 1835 1227 1881 Qui
1258 1841 1404 1881 autem,
1432 1840 1462 1873 si

344 1933 360 1950 a
372 1928 458 1959 This
481 1927 575 1958 book
591 1936 667 1957 was
684 1926 797 1957 called
811 1926 1034 1961 Horlensz'us,
1053 1925 1124 1955 and
1140 1924 1275 1955 formed
1293 1936 1337 1956 an
1357 1926 1462 1956 intro-

302 1972 444 2004 duction
462 1975 498 2001 to
515 1969 671 2001 Cicero's
687 1969 943 2010 philosophica]
957 1968 1130 2008 writings.
1152 1968 1365 2009 Fragments
1381 1970 1462 2009 only

304 2026 365 2047 are
382 2018 514 2045 extant.

411 2069 434 2101 2
