1574 2364
192 1252 240 1284 30

582 119 776 156 CICERO
808 119 881 156 DE
913 121 1129 160 FINIBUS

276 211 471 234 summum
492 199 639 235 bonum
660 198 699 234 id
720 203 941 245 constituit,
962 214 1042 237 non
1070 207 1114 239 ut
1135 203 1331 240 excellere
1353 208 1434 241 ani-

275 269 361 291 mus
396 255 465 292 sed
500 261 544 292 ut
564 256 662 292 nihil
695 269 779 293 esse
810 263 968 303 praeter
1006 263 1181 297 animum
1219 262 1430 299 videretur.

276 314 366 349 XII.
413 314 502 350 Uno
539 320 673 351 autem
711 315 828 352 modo
866 319 907 353 in
941 320 1087 354 virtute
1122 319 1203 355 sola
1237 333 1431 357 summum

275 373 421 408 bonum
450 377 558 408 recte
589 378 816 419 poneretur,
836 377 868 410 si
897 375 1002 420 quod
1030 382 1134 413 esset
1160 378 1303 414 animal
1329 379 1433 423 quod

275 436 403 466 totum
425 443 471 466 ex
493 436 629 467 mente
650 437 860 477 constaret,
881 433 921 469 id
948 436 1075 478 ipsum
1095 439 1230 471 tamen
1251 438 1304 471 sic
1325 441 1369 472 ut
1390 450 1435 473 ea

275 501 386 524 mens
407 488 504 524 nihil
526 488 692 525 haberet
711 493 751 525 in
772 503 812 526 se
834 491 937 535 quod
959 497 1064 528 esset
1083 493 1299 529 secundum
1320 499 1433 530 natu-

274 560 368 591 ram,
397 552 442 582 ut
471 547 656 583 valetudo
686 553 752 584 est.
817 548 895 585 Sed
925 549 965 585 id
995 563 1045 586 ne
1076 554 1240 595 cogitari
1271 552 1431 596 quidem

274 610 404 652 potest
426 605 540 650 quale
561 608 612 641 sit
632 610 676 642 ut
696 619 774 642 non
795 613 992 652 repugnet
1012 611 1139 653 ipsum
1159 610 1242 645 sibi.

329 655 434 699 “Sin
466 657 623 699 dicunt¹
660 665 855 701 obscurari
895 667 1089 710 quaedam
1128 680 1202 703 nec
1240 681 1429 713 apparere

273 725 362 767 quia
382 721 496 758 valde
517 735 634 767 parva
654 725 745 767 sint,
766 736 836 759 nos
858 737 1013 769 quoque
1034 725 1306 770 concediinus3
1326 727 1430 772 quod

273 781 369 817 dicit
402 781 593 825 Epicurus
625 784 744 817 etiam
777 781 827 818 de
862 783 1079 828 voluptate,
1112 797 1211 828 quae
1243 787 1429 822 minimae

272 842 350 875 sint
371 838 605 884 voluptates,
623 852 687 875 eas
707 840 902 876 obscurari
919 854 1035 886 saepe
1052 847 1093 877 et
1113 843 1243 885 obrui;
1264 843 1333 879 sed
1350 856 1427 878 non

272 902 364 934 sunt
398 900 437 932 in
473 910 519 932 eo
557 910 704 942 genere
743 903 878 934 tantae
917 900 1218 936 commoditates
1257 905 1427 946 corporis

271 962 431 1000 tamque
453 955 667 1000 productae
688 957 931 1001 temporibus
951 962 1112 1003 tamque
1133 958 1292 995 multae.
1351 959 1426 995 Ita-

271 1027 346 1059 que
368 1017 407 1049 in
429 1014 569 1058 quibus
590 1019 751 1059 propter
771 1027 905 1050 eorum
927 1018 1187 1060 exiguitatem
1208 1017 1428 1053 obscuratio

271 1075 537 1117 consequitur,
558 1085 674 1117 saepe
703 1072 847 1109 accidit
876 1078 920 1109 ut
949 1073 1045 1109 nihil
1076 1077 1268 1110 interesse
1296 1080 1427 1112 nostra

272 1131 466 1166 fateamur
494 1133 572 1166 sint
599 1130 664 1165 illa
692 1143 818 1166 necne
847 1134 925 1167 sint
952 1124 1015 1174 (ut
1043 1135 1081 1167 111
1103 1133 1197 1176 sole,
1219 1133 1321 1177 quod
1343 1147 1364 1169 a
1384 1138 1425 1170 te

270 1189 487 1232 dicebatur,
528 1188 727 1224 lucernam
766 1189 954 1225 adhibere
993 1190 1089 1225 nihil
1141 1193 1307 1226 interest
1354 1197 1424 1228 aut

270 1249 493 1283 teruncium
522 1246 677 1282 adicere
709 1247 838 1283 Croesi
869 1241 1097 1292 pecuniae):
1128 1249 1267 1293 quibus
1294 1254 1427 1285 autem

270 1309 310 1341 in
331 1305 446 1340 rebus
467 1309 578 1340 tanta
598 1305 818 1340 obscuratio
839 1318 917 1341 non
946 1306 1000 1350 fit,
1023 1306 1103 1342 fieri
1132 1312 1266 1343 tamen
1295 1311 1428 1352 potest

270 1368 315 1400 ut
344 1363 383 1398 id
413 1366 540 1407 ipsum
570 1362 673 1407 quod
703 1365 871 1399 interest
900 1377 979 1399 11011
1007 1367 1056 1400 sit
1083 1378 1270 1409 magnum
1305 1358 1367 1409 (ut
1396 1369 1431 1402 ei

271 1424 337 1466 qui
376 1420 546 1456 iucunde
585 1423 726 1456 vixerit
763 1434 885 1457 annos
925 1421 1063 1457 decem
1107 1426 1137 1458 si
1181 1436 1306 1468 aeque
1346 1426 1425 1459 vita

271 1479 441 1516 iucunda
462 1483 663 1514 menstrua
682 1479 863 1524 addatur,
884 1483 973 1524 quia
994 1486 1240 1516 momentum
1267 1481 1427 1526 aliquod

270 1539 414 1574 habeat
440 1537 489 1573 ad
510 1537 724 1573 iucundum
752 1530 953 1582 accessio,2
974 1538 1119 1574 bonum
1141 1542 1210 1582 sit3
1243 1542 1273 1575 si
1294 1545 1427 1575 autem

270 1597 309 1632 id
331 1609 408 1631 non
430 1595 683 1640 concedatur,
699 1608 777 1631 non
800 1599 988 1632 continuo
1009 1599 1088 1632 vita
1110 1598 1225 1633 beata
1245 1590 1425 1641 tollitur).

271 1655 378 1691 Bona
397 1659 530 1690 autem
552 1656 721 1698 corporis
742 1653 832 1690 huic
860 1660 952 1691 sunt
979 1655 1083 1699 quod
1104 1658 1297 1700 posterius
1318 1659 1428 1701 posui

267 1712 461 1750 similiora.
514 1712 679 1747 Habent
701 1715 806 1748 enim
827 1715 1092 1749 accessionem
1113 1713 1272 1758 dignam
1292 1716 1332 1749 in
1354 1728 1429 1759 qua

268 1771 510 1808 elaboretur:
542 1774 585 1805 ut
615 1769 711 1805 mihi
743 1772 782 1805 in
814 1770 887 1806 hoc
919 1771 1040 1807 Stoici
1072 1774 1188 1807 iocari
1221 1771 1428 1808 videantur

312 1874 456 1904 ¹dicunt
480 1872 591 1908 Mdv.;
624 1872 710 1902 dicit
740 1872 840 1903 MSS.
869 1873 917 1911 (in
943 1878 1024 1904 next
1052 1874 1118 1904 line
1148 1874 1176 1904 E
1208 1875 1274 1905 has
1306 1875 1429 1906 dicunt

269 1918 322 1979 sog
338 1918 607 1990 ἔέιζςηειιηᾱιιηι
640 1958 784 1987 accessio
812 1958 889 1988 edd.
925 1959 1008 1989 with
1042 1959 1098 1990 inf.
1132 1960 1247 1996 MSS„
1281 1960 1339 1990 but
1368 1961 1426 1990 Ρ-

266 2003 379 2034 Other
397 2001 496 2034 MSS.
519 2001 608 2031 have
626 2001 674 2030 ad
689 2000 882 2031 iucundum
908 2012 947 2032 or
971 2003 1161 2033 iucundam
1187 2003 1423 2035 accessionem.

374 2060 449 2093 332
