1615 2359
280 568 289 598 1

626 239 679 276 Μ.
703 239 892 277 TULLII
915 239 1204 277 CICERONIS

879 310 953 347 DE

457 381 677 419 FINIBUS
698 381 973 419 BONORUM
997 381 1065 418 ET
1086 381 1366 420 MALORUM

678 453 841 489 LIBER
861 452 1149 490 SECUNDUS

385 562 412 599 I.
449 563 526 599 Hic
543 576 631 599 cum
649 567 815 608 uterque
829 576 891 599 ine
906 565 1129 599 intueretur
1143 575 1305 608 seseque
1320 562 1369 599 ad
1385 563 1495 599 audi·

328 626 475 663 endum
516 626 784 671 significarent
827 631 994 670 paratos,
1034 616 1280 670 “Primum‚’'
1322 627 1494 670 inquam,

329 681 553 735 “deprecor
600 702 651 725 ne
685 702 748 725 me
788 693 990 734 tamquam
1029 689 1306 735 philosophum
1346 692 1495 735 putetis

329 752 502 789 scholam
519 753 626 789 vobis
647 751 817 796 aliquam
832 751 1131 797 explicat-urum,
1146 752 1251 797 quod
1272 765 1322 789 ne
1343 755 1383 788 in
1405 755 1497 797 ipsis

328 815 489 861 quidem
519 814 762 861 philosophis
785 827 929 859 magno
957 827 1076 860 opere
1107 828 1293 860 uniquam
1323 816 1492 861 probavi.

329 878 499 924 Quando
520 881 625 915 enim
656 879 850 925 Socrates,
871 882 937 925 qui
958 891 1098 925 parens
1120 878 1390 924 philosophiae
1412 881 1495 915 iure

329 942 405 979 dici
437 946 582 987 potest,
604 942 818 987 quidquam
846 943 927 979 tale
955 942 1075 979 fecit?
1133 941 1279 978 Eorum
1308 946 1393 978 erat
1420 943 1494 978 iste

326 1018 409 1041 mos
447 1007 513 1049 qui
548 1009 633 1040 tum
665 1005 863 1050 sophistae
896 1004 1221 1051 nominabantur;
1269 1017 1434 1049 quorum
1474 1016 1495 1040 e

329 1080 493 1103 numero
514 1070 661 1113 primus
682 1073 743 1104 est
762 1081 877 1105 ausus
902 1068 1122 1104 Leontinus
1151 1067 1316 1111 Gorgias
1337 1069 1376 1103 in
1404 1080 1495 1103 con-

330 1135 451 1166 ventu
485 1121 666 1176 ‘poscere
697 1130 996 1176 quaestionein,’
1030 1129 1070 1166 id
1103 1134 1164 1166 est
1194 1130 1330 1166 iubere
1362 1129 1494 1166 dicere

330 1207 406 1239 qua
426 1193 476 1230 de
496 1206 538 1229 re
559 1196 645 1238 quis
666 1193 788 1230 vellet
807 1194 953 1230 audire.
986 1193 1127 1230 Audax
1152 1195 1372 1238 negotium,
1392 1193 1497 1229 dice-

329 1270 412 1293 rem
433 1255 655 1301 impudens‚
671 1259 745 1293 nisi
765 1256 839 1293 hoc
860 1259 1088 1293 institutum
1109 1260 1246 1301 postea
1265 1255 1497 1292 translatum

329 1319 378 1355 ad
399 1324 551 1355 nostros
571 1318 824 1364 philosophos
845 1323 959 1356 esset.
998 1318 1078 1356 Sed
1099 1323 1140 1355 et
1159 1318 1271 1354 illum
1291 1332 1410 1364 quem
1430 1331 1498 1355 no-

330 1384 474 1418 minavi
505 1386 545 1418 et
577 1386 730 1418 ceteros
760 1381 967 1428 sophistas,
987 1386 1033 1418 ut
1062 1394 1083 1418 e
1120 1381 1284 1418 Platone
1316 1381 1496 1426 intellegi

330 1449 474 1490 potest,
488 1442 786 1481 lusoslvidemus
802 1458 824 1480 a
845 1444 1016 1482 Socrate.
1050 1443 1088 1481 Is
1105 1447 1211 1481 enim
1226 1444 1497 1490 percontando

328 1513 447 1553 atque
478 1507 761 1552 interrogando
786 1507 929 1545 elicere
956 1507 1108 1544 solebat
1132 1520 1266 1543 eorum
1293 1510 1497 1553 opiniones

328 1571 559 1616 quibuscum
581 1570 811 1615 disserebat,
827 1575 872 1607 ut
892 1570 941 1607 ad
969 1583 1014 1607 ea
1035 1583 1134 1616 quae
1155 1572 1181 1605 ii
1202 1569 1497 1616 respondissent

328 1637 359 1670 si
380 1632 475 1678 quid
495 1632 698 1669 videretur
718 1633 879 1669 diceret.
920 1632 998 1678 Qui
1018 1646 1101 1669 mos
1122 1646 1211 1669 cum
1231 1646 1253 1668 a
1272 1635 1496 1679 posteriori-

328 1697 400 1732 bus
415 1709 495 1732 non
512 1700 616 1732 esset
636 1701 830 1741 retentus,
848 1695 1042 1732 Arcesilas
1059 1709 1150 1732 eum
1170 1699 1367 1732 revocavit
1387 1698 1497 1732 insti-

328 1762 485 1804 tuitque
506 1763 551 1795 ut
572 1761 598 1794 ii
619 1761 684 1803 qui
713 1772 753 1795 se
774 1758 909 1795 audire
930 1758 1081 1795 vellent
1101 1772 1181 1794 non
1202 1758 1252 1795 de
1272 1771 1313 1795 se
1334 1771 1496 1804 quaere-

327 1826 418 1858 rent
452 1821 522 1858 sed
555 1824 629 1866 ipsi
659 1821 840 1858 dicerent
871 1821 966 1866 quid
1004 1824 1221 1865 sentirent;
1265 1821 1368 1866 quod
1404 1834 1492 1857 cum

325 1885 530 1929 dixissent,
552 1883 617 1920 ille
639 1889 785 1920 contra.
835 1884 913 1921 Sed
935 1897 1025 1920 eum
1045 1887 1111 1930 qui
1131 1884 1346 1920 audiebant
1365 1885 1492 1929 quoad

323 1951 509 1993 poterant
524 1945 797 1984 defendebant
812 1950 1053 1983 sententiam
1068 1959 1197 1991 suam3
1217 1946 1321 1993 apud
1341 1951 1493 1983 ceteros

789 2011 801 2034 1
832 2013 941 2044 elusos
959 2011 1064 2044 Reid.

441 2057 492 2095 78
