1574 2364
188 1631 235 1670 16

573 155 768 193 CICERO
799 155 873 192 DE
903 155 991 192 FIN
1002 155 1123 194 IBUS

265 241 402 284 sentit,
419 237 469 275 de
489 242 575 275 tota
595 236 869 282 philosophiae
890 239 1043 273 ratione
1064 236 1260 274 dissentit.
1308 238 1433 275 Crito-

264 303 348 339 laus
368 303 514 338 imitari
534 300 659 336 voluit
678 302 881 345 antiquos3
912 304 954 336 et
973 299 1136 344 quidem
1157 305 1218 344 est
1237 304 1433 346 gravitate

265 368 464 412 proximus
482 369 522 400 et
539 363 738 400 redundat
754 365 898 405 oratio3
918 376 963 399 ac
979 369 1116 401 tamen
1131 378 1182 402 ne
1193 356 1208 380 ¹
1224 367 1256 402 is
1272 365 1433 411 quidem

265 432 305 465 in
333 431 469 474 patriis
491 429 687 463 institutis
713 430 860 462 manet.
921 425 1134 473 Diodorus,
1155 430 1238 465 eius
1265 428 1435 474 auditor,

266 492 449 536 adiungit
482 489 533 527 ad
566 489 821 526 honestatem
856 492 1097 527 vacuitatem
1135 489 1290 528 doloris.
1356 491 1437 528 Hic

267 567 423 601 quoque
441 567 532 590 suus
554 558 627 598 est,
648 552 699 590 de
721 565 953 598 summoque
974 553 1078 590 bono
1098 553 1338 591 dissentiens
1359 555 1436 592 dici

267 632 358 655 vere
382 617 670 663 Peripateticus
696 629 776 651 non
803 621 947 661 potest.
1007 616 1275 662 Antiquorum
1301 623 1436 655 autem

269 683 511 719 sententiam
533 679 756 716 Antiochus
784 684 919 715 noster
945 679 1042 715 mihi
1068 679 1227 717 videtur
1253 683 1437 727 persequi

268 745 589 790 diligentissime,
624 755 741 788 quam
777 742 945 779 eandem
986 743 1195 780 Aristoteli
1235 743 1355 781 fuisse
1395 749 1439 782 et

270 808 493 844 Polemonis
515 806 643 842 docet.

324 871 390 906 VI.
425 861 448 877 “
465 870 574 906 Facit
613 872 734 914 igitur
771 868 914 905 Lucius
948 874 1083 906 noster
1118 869 1338 915 prudenter
1371 873 1437 916 qui

266 935 401 972 audire
424 933 473 970 de
495 946 648 969 summo
675 933 779 969 bono
806 934 1055 978 potissimum
1081 932 1179 970 velit
1189 945 1198 978 ;
1227 933 1302 970 hoc
1330 937 1437 971 enim

268 1001 486 1035 constituto
534 999 575 1032 in
614 994 864 1042 philosophia
902 998 1121 1032 constituta
1161 1001 1255 1033 sunt
1292 1000 1433 1033 omnia.

267 1062 368 1098 Nam
386 1062 529 1096 ceteris
550 1062 590 1094 in
611 1058 728 1094 rebus
755 1061 836 1094 sive
864 1061 1190 1103 praetermissum
1216 1061 1298 1096 sive
1325 1062 1438 1105 igno-

266 1129 395 1161 ratum
418 1127 479 1159 est
499 1121 717 1168 quidpiam,
738 1134 818 1157 non
846 1121 935 1167 plus
962 1121 1202 1158 incommodi
1230 1127 1292 1159 est
1318 1136 1436 1168 quarn

266 1190 403 1234 quanti
425 1198 606 1231 quaeque
635 1198 768 1222 earum
796 1197 927 1221 rerum
960 1189 1021 1222 est
1052 1188 1093 1222 in
1124 1186 1266 1231 quibus
1297 1186 1434 1232 negle-

266 1257 374 1288 ctum
396 1255 456 1286 est
477 1248 646 1294 aliquid3
667 1261 864 1285 summum
884 1253 1019 1285 autem
1046 1249 1193 1285 bonum
1221 1252 1252 1286 si
1278 1252 1435 1294 ignore-

267 1320 344 1359 tur,
366 1311 525 1350 vivendi
544 1314 741 1348 rationem
769 1314 940 1356 ignorari
972 1324 1136 1349 necesse
1164 1317 1245 1356 est;
1277 1325 1325 1349 ex
1357 1326 1434 1359 quo

266 1382 401 1415 tantus
436 1388 543 1412 error
582 1377 838 1420 consequitur
876 1380 920 1411 ut
959 1388 1077 1420 quen]
1117 1378 1157 1412 in
1196 1380 1353 1422 portum
1392 1389 1434 1413 se

266 1443 460 1486 recipiant
480 1441 578 1475 scire
605 1451 686 1474 non
712 1440 874 1484 possint.
935 1438 1113 1483 Cognitis
1139 1443 1274 1476 autem
1301 1452 1432 1476 rerum

266 1505 420 1548 finibus,
443 1516 531 1539 cum
553 1501 808 1546 intellegitur
829 1501 923 1546 quid
945 1504 997 1537 sit
1017 1506 1060 1538 et
1080 1502 1273 1538 bonorum
1301 1506 1431 1539 extre-

265 1581 373 1604 mum
399 1571 440 1602 et
465 1565 671 1610 malorum,
695 1567 857 1600 inventa
889 1567 993 1600 vitae
1025 1567 1086 1601 via
1119 1570 1181 1602 est
1214 1565 1432 1602 conforma-

266 1635 401 1676 tioque
441 1631 618 1665 omnium
657 1628 883 1672 officiorum,
918 1631 1126 1664 inventum
1164 1621 1316 1674 igitur,²
1354 1642 1432 1674 quo

265 1694 440 1740 quidque
474 1691 689 1734 referatur3
724 1703 772 1727 ex
806 1703 897 1736 qu0,
928 1690 968 1726 id
1003 1690 1109 1736 quod
1142 1703 1279 1729 omnes
1313 1704 1432 1738 expe-

264 1761 369 1801 tunt,
391 1756 508 1792 beate
524 1753 683 1791 vivendi
698 1755 798 1790 ratio
814 1756 981 1791 inveniri
999 1758 1040 1790 et
1056 1757 1271 1800 comparari
1286 1760 1429 1801 potest.

319 1811 471 1865 “Quod
499 1819 684 1863 quoniam
711 1819 752 1852 in
779 1829 856 1862 quo
884 1819 935 1853 sit
961 1830 1104 1862 magna
1135 1817 1327 1854 dissensio
1358 1823 1431 1864 est,

265 1882 481 1921 Carneadia
514 1881 627 1918 nobis
657 1879 884 1917 adhibenda
916 1880 1054 1916 divisio
1089 1885 1162 1926 est,
1190 1893 1267 1926 qua
1297 1886 1432 1918 noster

308 1976 371 2007 ¹ne
387 1974 503 2006 added
521 1973 567 2015 by
584 1973 663 2011 edd.

307 2018 320 2038 '²
331 2020 515 2050 inventum
534 2018 646 2057 {gitur
661 2016 810 2052 Mfiller3
828 2026 905 2047 cum
924 2015 1037 2057 zjgitur
1052 2016 1092 2054 B,
1109 2016 1137 2048 E
1152 2028 1159 2054 ς
1176 2018 1229 2048 est
1243 2016 1356 2058 igilur
1369 2015 1430 2049 inf.

268 2062 389 2098 MSS.;
406 2072 482 2092 cum
500 2061 659 2101 exigitur
673 2059 745 2098 (i.e.
765 2058 1003 2100 examinatur)
1022 2059 1117 2092 Mdv.

373 2110 450 2148 406
