1615 2359
568 108 763 145 CICERO
797 109 869 145 DE
901 109 1120 147 FINIBUS

258 189 435 226 subiecta
459 190 509 224 sit
530 189 700 232 vocibus,
729 202 808 224 non
835 189 1071 234 intellegere
1101 188 1301 225 interdum
1332 189 1424 235 quid

259 271 374 303 sonet
406 266 502 303 haec
524 279 596 302 vox
618 266 844 312 voluptatis,
865 266 906 303 id
936 271 996 304 est
1023 279 1123 312 quae
1144 280 1205 304 res
1231 266 1322 303 huic
1343 269 1425 303 voci

257 344 509 381 subiciatur.’'

318 418 391 455 III.
427 419 529 456 Tum
557 419 624 456 ille
645 419 797 456 ridens:
828 410 953 456 “Hoc
975 420 1105 465 vero,'’
1128 422 1272 466 inquit,
1292 411 1428 466 “opti-

260 507 382 539 mum,
404 499 449 531 ut
469 497 500 531 is
522 497 588 540 qui
610 494 728 531 finem
756 507 886 531 rerum
914 494 1229 540 expetendarum
1250 495 1428 541 volupta-

262 573 345 605 tem
367 581 452 605 esse
477 568 598 614 dicat,
619 569 659 605 id
687 574 922 614 extremum,
943 569 983 606 id
1011 569 1196 607 ultimum
1223 570 1428 614 bonorum,

263 643 301 679 id
323 646 450 689 ipsum
474 643 568 689 quid
596 648 639 680 et
665 643 781 689 quale
808 646 859 681 sit
885 643 1089 681 nesciatl”
1150 635 1346 690 “Atqui‚”
1370 647 1429 682 in-

263 732 392 764 quam,
423 709 526 755 “aut
558 719 749 764 Epicurus
781 718 876 765 quid
908 722 958 756 sit
989 719 1168 765 voluptas
1196 724 1265 756 aut
1294 733 1430 758 omnes

262 794 448 830 mortales
484 796 550 839 qui
586 794 731 840 ubique
766 798 859 831 sunt
890 794 1112 832 nesciunt.”
1172 785 1427 841 “Quoiiam,''

263 871 405 914 inquit,
427 860 634 905 “modo?’'
694 859 831 914 “Quia
852 869 1098 915 voluptatem
1118 869 1220 906 hanc
1242 883 1326 907 esse
1342 884 1430 907 sen-

263 946 369 980 tiunt
389 957 526 980 omnes
543 957 659 989 quam
677 957 813 981 sensus
828 947 1025 990 accipiens
1040 950 1222 982 movetur
1237 950 1278 982 et
1294 948 1429 982 iucun-

262 1018 389 1055 ditate
424 1018 593 1063 quadam
628 1018 918 1063 perfunditur.”
980 1010 1120 1064 “Quid
1156 1020 1275 1065 ergo?
1314 1023 1429 1057 istam

263 1093 548 1138 voluptate1n,'’
586 1096 727 1139 inquit,
763 1084 989 1139 “Epicurus
1028 1094 1241 1139 ignorat?’'
1300 1085 1324 1101 “
1340 1095 1429 1132 Non

726 1159 851 1205 “nam
899 1169 1100 1206 interdum
1148 1172 1263 1207 nimis
1311 1173 1429 1207 etiam

262 1169 456 1214 semper,'’
498 1171 678 1214 inquam3

264 1246 386 1288 novit,
408 1246 555 1288 quippe
577 1246 643 1288 qui
666 1243 902 1280 testificetur
927 1257 978 1280 ne
1006 1244 1243 1289 intellegere
1271 1244 1430 1290 quidem

263 1332 304 1355 se
325 1331 436 1364 posse
459 1318 524 1354 ubi
552 1320 603 1354 sit
629 1323 697 1354 aut
724 1318 829 1363 quod
861 1321 911 1355 sit
943 1318 1066 1355 ullum
1098 1319 1245 1355 bonum
1276 1324 1431 1364 praeter

264 1393 362 1430 illud
383 1393 488 1438 quod
509 1393 595 1429 cibo
617 1398 658 1429 et
678 1396 839 1438 potione
861 1398 902 1430 et
923 1396 1074 1429 aurium
1095 1393 1362 1430 delectatione
1391 1398 1430 1430 et

263 1470 432 1506 obscena
455 1468 658 1513 voluptate
680 1471 866 1514 capiatur.
927 1469 992 1504 An
1013 1468 1110 1505 haec
1130 1469 1180 1505 ab
1201 1482 1247 1505 eo
1267 1482 1347 1505 non
1371 1468 1429 1505 di-

263 1543 462 1581 cuntur?”
524 1534 679 1588 “Quasi
710 1556 802 1580 vero
831 1557 894 1580 me
925 1543 1112 1589 pudeat,”
1138 1546 1281 1589 inquit,
1303 1535 1429 1580 “isto-

262 1632 348 1656 rum
386 1623 455 1654 aut
494 1631 574 1654 non
613 1621 757 1663 possim
796 1617 1129 1663 quemadmodum
1168 1631 1214 1655 ea
1247 1618 1429 1657 dicantur

262 1693 494 1731 ostendere!
507 1692 527 1704 ⁷'
580 1683 603 1699 “
614 1692 699 1737 Ego
716 1706 807 1729 vero
823 1706 903 1729 non
919 1693 1097 1737 dubito,’'
1112 1695 1285 1739 inquam,
1299 1685 1428 1740 “quin

261 1768 375 1805 facile
398 1770 534 1813 possis,
550 1780 624 1804 nec
642 1773 703 1804 est
719 1767 824 1813 quod
840 1773 880 1804 te
897 1767 1046 1813 pudeat
1062 1770 1231 1813 sapienti
1246 1773 1426 1807 assentiri

260 1846 326 1889 qui
344 1855 385 1880 se
403 1855 516 1887 unus,
531 1841 636 1887 quod
653 1844 785 1887 sciam,
802 1844 1024 1888 sapientem
1039 1842 1214 1888 profiteri
1230 1845 1281 1879 sit
1296 1857 1420 1881 ausus.

258 1918 361 1954 Nam
390 1915 664 1953 Metrodorum
693 1929 774 1952 non
804 1921 900 1962 puto
929 1919 1057 1963 ipsum
1085 1916 1318 1963 professum,
1338 1918 1421 1963 sed,

257 2005 345 2028 cum
360 1991 627 2036 appellaretur
643 1991 691 2026 ab
709 1990 891 2036 Epicuro,
904 1990 1111 2037 repudiare
1127 1996 1283 2028 tantum
1299 1992 1419 2028 bene-

365 2050 414 2080 84
