1574 2364
576 123 771 160 CICERO
802 123 876 160 DE
891 110 1127 161 ‘FINIBUS

268 217 463 242 summum
476 206 624 242 bonum
637 206 777 240 statuit
789 215 869 239 non
882 203 1030 248 dolere,
1046 203 1258 249 voluptatis
1274 205 1432 238 nomine

269 296 456 329 umquam
478 286 605 320 utitur
623 295 694 328 pro
717 281 785 318 illa
808 281 1041 328 indolentia,
1061 285 1208 328 quippe
1233 284 1300 327 qui
1323 293 1374 317 ne
1395 283 1436 317 in

271 362 506 409 expetendis
527 361 688 408 quidem
708 361 825 397 rebus
845 366 1029 398 numeret
1044 361 1300 407 voluptatem.

327 435 416 471 VII.
452 426 599 471 “Duae
632 439 725 470 sunt
754 437 861 470 enim
890 447 953 471 res
979 447 1149 479 quoque,
1173 447 1224 470 ne
1253 439 1299 470 tu
1322 433 1441 469 verba

273 511 398 547 solum
428 515 555 556 putes.
618 509 752 546 Unum
783 513 843 545 est
872 511 956 545 sine
984 508 1118 545 dolore
1149 521 1246 553 esse,
1271 508 1440 545 alterum

273 599 362 625 cum
379 585 603 630 voluptate3
620 597 686 620 vos
707 597 755 620 ex
776 584 836 620 his
857 589 938 620 tarn
953 583 1205 620 dissimilibus
1226 583 1342 619 rebus
1361 596 1441 618 non

274 661 391 698 modo
423 673 570 696 nomen
603 673 725 696 unum
755 651 864 702 (nam
899 659 939 695 id
970 658 1123 694 facilius
1153 649 1343 704 paterer),
1372 657 1442 694 sed

276 741 397 774 etiam
426 749 511 773 rem
540 749 659 772 unam
690 748 737 771 ex
765 735 917 771 duabus
944 734 1074 771 facere
1104 736 1313 778 conamini,
1338 733 1443 779 quod

276 814 359 850 fieri
380 812 490 849 nullo
511 810 628 848 modo
648 815 792 857 potest.
856 811 948 855 Hic,
970 813 1037 856 qui
1059 815 1272 854 utrumque
1292 810 1444 855 probat,

276 888 466 925 ambobus
487 887 627 924 debuit
648 888 720 931 uti,
741 888 843 922 sicut
863 885 958 921 facit
978 898 1020 921 re
1040 897 1171 930 neque
1192 889 1326 921 tamen
1349 883 1446 920 divi-

277 963 337 1000 dit
357 962 496 999 verbis.
557 961 656 997 Cum
677 963 783 997 enim
805 973 890 996 eam
918 963 1042 1005 ipsam
1062 960 1307 1005 voluptatem
1328 971 1444 1003 quam

277 1037 419 1075 eodem
439 1039 599 1073 nomine
621 1048 758 1072 omnes
778 1035 1022 1081 appellamus
1046 1035 1182 1071 laudat
1206 1034 1300 1070 locis
1323 1033 1443 1079 pluri-

277 1116 362 1158 mis,
376 1111 498 1148 audet
511 1111 643 1148 dicere
657 1123 708 1147 ne
721 1112 908 1156 suspicari
921 1109 1081 1155 quidem
1099 1122 1140 1146 se
1156 1109 1281 1145 ullum
1297 1109 1444 1145 bonum

278 1191 503 1225 seiunctum
527 1187 576 1222 ab
601 1186 668 1222 illo
694 1186 922 1231 Aristippeo
945 1197 1094 1230 genere
1121 1184 1358 1230 voluptatis3
1386 1188 1445 1220 at-

278 1276 355 1309 que
376 1263 430 1299 ibi
450 1262 524 1298 hoc
546 1261 643 1298 dicit
663 1261 729 1297 ubi
750 1263 876 1297 omnis
897 1262 979 1297 eius
1001 1264 1062 1296 est
1081 1262 1205 1296 oratio
1225 1259 1275 1296 de
1296 1271 1448 1295 summo

280 1340 393 1375 bono.
456 1337 501 1373 In
531 1336 607 1373 alio
636 1349 728 1373 vero
756 1336 869 1381 libro,
897 1338 937 1371 in
964 1348 1042 1381 quo
1071 1336 1244 1371 breviter
1273 1346 1449 1380 compre-

279 1415 413 1451 hensis
443 1415 682 1458 gravissimis
714 1414 925 1449 sententiis
955 1414 1064 1456 quasi
1093 1410 1249 1447 oracula
1279 1409 1448 1447 edidisse

280 1491 497 1535 sapientiae
525 1487 683 1532 dicitur,
711 1487 848 1524 scribit
873 1486 933 1522 his
960 1486 1102 1531 verbis,
1126 1497 1226 1530 quae
1253 1489 1348 1521 nota
1373 1485 1446 1520 tibi

278 1564 470 1612 profecto,
487 1563 699 1608 Torquate,
717 1567 810 1599 sunt
825 1553 930 1607 (quis
946 1564 1052 1597 enim
1068 1565 1243 1597 vestrum
1262 1572 1342 1596 non
1363 1559 1444 1596 edi-

278 1641 377 1678 dicit
397 1639 557 1685 Epicuri
580 1637 706 1683 κιρίας
727 1633 843 1683 δόξας,
867 1636 908 1673 id
929 1641 990 1673 est
1010 1638 1120 1681 quasi
1139 1638 1309 1672 maxime
1329 1639 1445 1681 ratas,

278 1719 369 1763 quia
400 1716 651 1760 gravissimae
684 1715 766 1750 sint
795 1712 845 1749 ad
876 1713 993 1748 beate
1024 1710 1238 1748 vivendum
1272 1710 1446 1747 breviter

278 1792 509 1828 enuntiatae
530 1790 756 1825 sententiae
766 1780 803 1831 P)
833 1786 1104 1823 animadverte
1128 1788 1262 1831 igitur,
1283 1790 1445 1823 rectene

276 1867 379 1904 hanc
418 1866 660 1902 sententiam
699 1866 965 1909 interpreter:
1023 1852 1088 1899 ‘Si
1127 1874 1174 1898 ea
1211 1874 1312 1907 quae
1351 1866 1444 1898 sunt

275 1942 482 1978 luxuriosis
510 1939 720 1975 efficientia
740 1937 988 1983 voluptatum
1009 1937 1226 1973 liberarent
1253 1949 1318 1973 eos
1348 1935 1441 1972 deo-

276 2030 361 2053 rum
401 2020 443 2052 et
480 2016 617 2050 mortis
656 2018 697 2050 et
735 2013 878 2049 doloris
917 2017 1027 2048 metu
1067 2011 1336 2056 docerentque
1374 2013 1439 2056 qui

390 2074 462 2106 102
