1574 2364
619 164 816 202 CICERO
847 164 921 202 DE
951 165 1172 204 FINIBUS

311 257 412 291 quae
436 247 468 282 si
491 243 681 291 appelles,
703 243 829 281 honos
851 244 1091 291 praefandus
1117 237 1318 290 sit)-hoc
1342 246 1478 290 igitur,

312 319 419 365 quod
438 319 565 356 solum
584 319 733 356 bonum
752 332 911 357 severus
927 324 970 357 et
987 322 1116 366 gravis
1135 318 1392 366 philosophus
1410 331 1481 356 no-

312 397 383 440 vit,
413 393 520 432 idem
551 407 632 431 non
662 393 774 431 videt
803 407 855 431 ne
887 394 1159 446 expetendum
1190 394 1352 441 quidem
1383 407 1482 439 esse,

313 469 420 515 quod
447 482 533 506 eam
554 469 801 516 voluptatem
827 469 902 506 hoc
927 470 1069 507 eodem
1092 474 1253 506 auctore
1278 481 1359 506 non
1379 468 1482 506 desi-

315 544 512 590 deremus,
541 558 631 581 cum
658 544 793 581 dolore
823 544 1046 581 careamus!
1106 543 1237 590 Quam
1263 543 1362 580 haec
1391 547 1485 580 sunt

315 620 532 657 contraria!
591 620 671 656 Hic
698 622 729 656 si
753 619 933 666 definire,
956 621 989 656 si
1013 619 1189 657 dividere
1214 618 1429 663 didicisset,
1454 620 1485 654 si

315 694 503 740 loquendi
532 697 624 740 vim,
654 697 686 732 si
715 693 888 740 denique
918 694 1249 731 consuetudinem
1276 694 1484 730 verborum

316 773 487 814 teneret,
502 783 717 815 numquam
733 772 773 805 111
790 774 921 806 tantas
937 769 1107 806 salebras
1122 768 1336 805 incidisset.
1368 768 1487 804 Nunc

318 845 428 882 vides
449 844 543 890 quid
564 844 693 881 faciat.
745 843 875 890 Quam
895 857 1013 881 nemo
1034 857 1222 890 umquam
1241 843 1487 889 voluptatem

316 916 543 962 appellavit,
559 915 755 962 appellat;
771 929 871 961 quae
889 915 967 952 duo
983 920 1087 961 sunt,
1101 929 1223 951 unum
1241 914 1344 951 facit.
1371 915 1488 951 Hauc

317 989 357 1023 in
390 992 500 1024 motu
529 986 775 1033 voluptatem
802 979 875 1030 (sic
907 989 1014 1023 euim
1044 986 1114 1023 has
1145 999 1282 1023 suaves
1310 990 1352 1023 et
1378 988 1487 1031 quasi

317 1058 453 1095 dulces
475 1058 699 1104 voluptates
719 1049 912 1104 appellat)
933 1057 1135 1094 interdum
1155 1060 1211 1093 ita
1231 1061 1423 1094 extenuat
1443 1061 1488 1093 ut

320 1129 388 1166 Μ’.
412 1130 573 1165 Curium
593 1133 709 1174 putes
729 1128 849 1174 loqui,
871 1128 1073 1165 interdum
1093 1131 1150 1165 ita
1168 1128 1305 1165 laudat
1328 1132 1373 1164 ut
1393 1127 1484 1173 quid

319 1205 526 1246 praeterea
547 1203 597 1236 sit
618 1200 765 1236 bonum
786 1204 909 1245 neget
930 1212 971 1236 se
992 1212 1104 1245 posse
1125 1212 1176 1235 ne
1196 1201 1383 1245 suspicari
1404 1202 1488 1244 qui·

321 1271 424 1308 dem.
471 1270 583 1317 Quae
601 1273 678 1307 iam
695 1273 818 1307 oratio
835 1284 914 1307 non
930 1284 952 1306 a
971 1270 1207 1317 philosopho
1226 1269 1357 1316 aliquo
1377 1270 1448 1307 sed
1468 1283 1491 1306 a

320 1355 482 1379 censore
503 1342 762 1388 opprimenda
783 1346 862 1385 est;
884 1355 963 1378 non
984 1346 1045 1378 est
1066 1344 1172 1378 enim
1192 1343 1331 1378 vitium
1346 1343 1387 1377 in
1407 1354 1490 1377 ora-

320 1417 430 1451 tione
457 1413 584 1450 solum
613 1413 684 1450 sed
711 1416 832 1450 etiam
857 1415 899 1449 111
925 1413 1109 1450 moribus.
1170 1412 1382 1449 Luxuriam
1411 1426 1490 1449 non

321 1485 539 1532 reprendit,
552 1484 670 1522 modo
683 1488 734 1522 sit
748 1498 868 1521 vacua
880 1485 1034 1521 infinita
1047 1484 1265 1530 cupiditate
1280 1489 1320 1521 et
1336 1486 1488 1520 timore.

323 1557 412 1594 Hoc
428 1557 515 1593 loco
531 1556 742 1602 discipulos
759 1569 948 1602 quaerere
964 1556 1134 1601 videtur,
1148 1560 1193 1592 ut
1209 1558 1275 1601 qui
1290 1558 1389 1592 asoti
1406 1568 1491 1592 esse

320 1628 445 1665 velint
466 1627 689 1673 philosophi
708 1632 802 1664 ante
819 1627 925 1664 fiant.

376 1690 440 1735 “A
460 1702 599 1745 primo,
614 1704 659 1735 ut
678 1702 828 1745 opinor,
842 1701 1103 1735 animantium
1117 1702 1205 1735 ortu
1218 1701 1369 1744 petitur
1381 1700 1490 1743 origo

321 1773 462 1808 summi
478 1770 581 1806 boni.
633 1770 756 1807 Simul
778 1775 897 1815 atque
919 1775 1056 1806 natum
1082 1768 1226 1805 animal
1248 1773 1321 1814 est,
1340 1768 1492 1815 gaudet

320 1843 525 1888 voluptate
569 1846 611 1878 et
653 1855 741 1879 eam
783 1845 938 1888 appetit
975 1846 1022 1878 ut
1059 1842 1219 1886 bonum,
1258 1845 1491 1886 aspernatur

319 1913 499 1951 dolorem
534 1917 579 1949 ut
611 1912 768 1949 malum.
824 1912 887 1948 De
919 1912 1031 1949 malis
1061 1916 1196 1948 autem
1226 1916 1269 1948 et
1298 1911 1410 1948 bonis
1439 1911 1489 1947 ab

317 1988 362 2022 iis
391 1983 624 2021 animalibus
654 1996 754 2029 quae
782 1983 959 2020 nondum
979 1983 1192 2029 depravata
1211 1985 1292 2020 sint
1310 1985 1366 2019 ait
1385 1985 1486 2028 opti-

317 2069 380 2094 me
418 2055 593 2092 iudicari.
670 2055 784 2091 Haec
829 2059 872 2092 et
909 2059 954 2091 tu
992 2057 1047 2091 ita
1085 2056 1250 2100 posuisti
1287 2057 1330 2091 et
1366 2053 1485 2090 verba

430 2108 505 2147 116
