1574 2364
265 876 314 915 63

259 1743 309 1782 64

654 137 850 174 CICERO
867 137 955 173 -DE
986 137 1204 175 FINIBUS

346 216 497 254 homini
517 219 583 262 qui
604 229 685 252 non
711 221 917 253 moveatur
943 221 985 253 et
1012 216 1227 253 offensione
1253 216 1511 262 turpitudinis

346 277 388 309 et
408 272 729 317 comprobatione
749 271 998 308 honestatis?
1028 274 1114 317 quis
1130 276 1191 308 est
1207 273 1274 317 qui
1286 284 1367 308 non
1383 271 1510 309 oderit

345 327 609 371 libidinosam,
625 331 849 371 protervam
864 326 1200 363 adulescentiam?
1217 329 1303 372 quis
1319 331 1455 363 contra
1470 328 1510 362 in

347 382 413 419 illa
440 386 574 418 aetate
601 381 806 427 pudorem,
834 384 1110 426 constantiam,
1131 384 1285 417 etiamsi
1315 394 1384 418 sua
1411 381 1507 418 nihi]

345 439 515 481 intersit,
531 449 611 472 non
627 441 762 473 tamen
778 436 919 481 diligat
933 437 946 471 ?
967 439 1054 481 quis
1072 436 1227 473 Pullum
1244 436 1510 472 Numitorium

347 491 625 537 Fregellanum
646 490 901 537 proditorem,
919 504 1155 536 quamquam
1172 493 1228 528 rei
1244 491 1424 536 publicae
1442 504 1506 527 no·

346 552 449 584 strae
472 546 632 592 profuit,
653 559 731 582 non
760 545 868 582 odit?
899 549 984 591 quis
1013 537 1152 582 huiusl
1173 546 1278 582 urbis
1306 559 1509 583 conserva-

347 607 473 639 torem
509 601 694 646 Codrum,
726 603 812 646 quis
844 601 1062 637 Erechthei
1102 601 1198 637 filias
1230 614 1309 637 non
1341 604 1510 638 maxime

345 657 482 693 laudat
497 657 510 691 Ρ
540 659 601 692 cui
623 656 767 692 Tubuli
784 669 930 692 nomen
946 656 1036 692 odio
1052 669 1131 691 non
1148 656 1238 692 est?
1267 658 1353 701 quis
1370 656 1510 692 Aristi-

345 712 437 749 dem
458 725 536 748 non
557 715 756 747 mortuum
777 711 936 754 diligit?
993 710 1057 746 An
1079 710 1343 747 obliviscimur
1363 716 1511 756 quanto

345 780 465 813 opere
494 769 532 802 in
562 765 762 802 audiendo
791 758 855 801 in2
885 765 1136 810 legendoque
1166 779 1392 803 moveamur
1421 779 1510 802 cum

346 825 422 868 pie,
450 835 539 858 cum
568 824 706 866 amice,
732 834 821 856 cum
851 834 995 866 magno
1023 823 1154 857 animo
1182 821 1331 866 aliquid
1361 821 1510 858 factum

346 877 645 922 cognoscimus?
709 875 816 920 Quid
837 875 991 920 loquarss
1007 875 1178 912 denobis
1199 878 1264 921 qui
1285 876 1333 912 ad
1351 875 1509 913 laudem

345 937 387 969 et
416 931 467 968 ad
505 931 626 968 decus
664 933 760 975 nati,
800 933 986 976 suscepti,
1021 933 1194 967 instituti
1234 932 1394 967 sumus?
1443 933 1507 976 qui

344 987 533 1023 clamores
553 985 662 1030 vulgi
681 990 801 1030 atque
821 988 1094 1031 imperitorum
1115 988 1341 1023 excitantur
1360 988 1401 1022 in
1421 985 1510 1023 the·

342 1044 449 1087 atris,
470 1054 559 1078 cum
579 1040 646 1077 illa
666 1040 874 1077 dicuntur:

725 1111 811 1156 Ego
831 1124 916 1148 sum
938 1111 1116 1156 Orestes,

343 1189 560 1230 contraque
581 1183 630 1219 ab
650 1182 800 1219 altero:

452 1255 578 1291 Immo
599 1257 799 1291 enimvero
821 1267 894 1299 ego
916 1267 1014 1299 sum,
1031 1257 1204 1300 inquam,
1222 1254 1406 1292 Orestes!

342 1328 440 1364 Cum
467 1331 602 1362 autern
630 1328 750 1362 etiam
778 1327 907 1361 exitus
934 1326 983 1361 ab
1011 1330 1179 1371 utroque
1208 1325 1324 1362 datur
1351 1330 1509 1362 contur-

342 1383 434 1419 bato
455 1383 680 1425 errantique
701 1382 811 1425 regi:

540 1451 671 1488 Ambo
692 1463 786 1496 ergo
806 1463 884 1487 una
903 1453 1080 1488 necarier
1100 1464 1317 1496 precamur,

340 1526 523 1570 quotiens
550 1522 625 1558 hoc
646 1524 789 1567 agitur,
810 1521 1069 1566 ecquandone
1089 1524 1163 1558 nisi
1183 1521 1507 1558 admirationibus

340 1578 547 1616 maximis?
606 1577 734 1613 Nemo
764 1581 826 1613 est
852 1579 974 1621 igitur
1000 1579 1095 1621 quin
1123 1576 1225 1612 hanc
1256 1577 1505 1613 affectionem

339 1636 459 1670 animi
491 1633 633 1678 probet
663 1637 784 1677 atque
813 1630 952 1668 laudet
980 1644 1056 1676 qua
1088 1645 1168 1668 non
1199 1631 1318 1668 modo
1352 1631 1506 1668 utilitas

339 1688 448 1725 nulla
468 1690 669 1733 quaeritur
689 1686 759 1722 sed
775 1691 912 1722 contra
927 1686 1143 1723 utilitatem
1165 1689 1286 1723 etiam
1302 1699 1504 1723 conserva-

340 1749 404 1780 tur
424 1742 531 1779 fides.
577 1741 738 1778 Talibus
759 1741 951 1787 exemplis
971 1754 1050 1777 non
1072 1741 1186 1778 fictae
1203 1741 1329 1778 solum
1349 1740 1504 1778 fabulae

338 1811 475 1836 verum
513 1799 635 1833 etiam
678 1795 866 1833 historiae
906 1795 1078 1833 refertae
1117 1801 1223 1841 sunt,
1263 1801 1305 1833 et
1343 1795 1503 1841 quidem

389 1879 400 1898 ¹
417 1881 523 1913 huius
539 1879 697 1910 inserted
714 1881 762 1920 by
779 1879 917 1915 Miiller,
937 1879 1128 1919 suggested
1146 1879 1196 1920 by
1212 1878 1310 1910 Mdv.

395 1922 407 1942 ²
422 1923 461 1954 in
480 1923 564 1964 (om.
583 1922 646 1953 ini.
663 1922 777 1963 MSS.)
798 1922 895 1953 Mdv.
915 1923 1094 1953 brackets.

392 1965 406 1985 ³
429 1966 551 2008 loquar
566 1965 835 2006 Morgenstern:
862 1965 991 2006 loquor.

756 2047 771 2062 ⁵
787 2040 842 2072 Cf.
860 2041 908 2076 II,
929 2049 981 2080 79,
999 2042 1097 2072 note.

454 2085 531 2124 464
