1574 2364
586 138 779 176 CICERO
810 138 884 175 DE
913 138 1132 177 FINIBUS

280 224 392 264 parte
407 220 578 264 ponebas
588 218 827 254 cumulatum
841 218 1009 262 aliquem
1023 218 1198 264 plurimis
1207 224 1248 256 et
1260 222 1436 256 maximis

284 296 549 341 voluptatibus
577 295 685 330 nullo
709 308 783 331 nec
809 298 1006 340 praesenti
1032 308 1105 332 nec
1132 296 1263 332 futuro
1292 296 1437 340 dolore,

284 386 332 409 ex
367 373 491 409 altera
523 377 657 409 autem
691 373 926 409 cruciatibus
955 376 1131 409 maximis
1160 379 1245 410 toto
1279 386 1438 419 corpore

284 450 391 485 nulla
412 462 484 485 nec
506 449 691 485 adiuncta
711 461 784 485 nec
805 454 958 494 sperata
979 450 1194 495 voluptate,
1215 455 1256 487 et
1276 462 1436 495 quaere-

282 524 349 560 bas
371 526 456 568 quis
476 528 545 559 aut
565 523 639 558 hoc
659 525 835 559 miserior
863 528 932 560 aut
961 526 1158 568 superiore
1179 524 1245 560 illo
1264 524 1437 566 beatior;

282 597 427 634 deinde
458 596 719 633 concludebas
749 609 943 633 summum
972 597 1117 633 malum
1146 610 1230 634 esse
1250 596 1437 643 dolorem,

281 684 477 708 summum
499 672 645 706 bonum
667 670 934 716 voluptatem!

338 745 422 781 XX.
457 736 478 752 “
495 744 536 780 L.
569 744 735 780 Thorius
766 744 909 781 Balbus
938 744 1026 789 fuit,
1057 744 1295 790 Lanuvinus,
1321 759 1438 791 quem

283 822 508 856 meminisse
529 823 572 855 tu
594 831 673 854 non
694 823 807 863 potes
825 832 833 862 3
863 822 894 855 is
915 821 969 854 ita
989 819 1146 856 vivebat
1165 824 1210 856 ut
1229 819 1337 856 nulla
1357 825 1439 857 tam

287 896 480 938 exquisita
501 897 633 937 posset
649 895 814 928 inveniri
831 892 1008 938 voluptas
1025 906 1100 937 qua
1115 906 1193 929 non
1209 893 1437 931 abundaret.

285 968 379 1004 Erat
399 972 440 1003 et
461 967 625 1011 cupidus
646 966 893 1011 voluptatum
918 972 959 1003 et
987 970 1069 1003 eius
1096 970 1253 1012 generis
1280 967 1437 1005 intelle-

284 1053 382 1085 gens
399 1045 439 1076 et
453 1043 629 1084 copiosus
642 1052 650 1080 ;
674 1043 728 1075 ita
741 1052 819 1075 non
835 1043 1126 1085 superstitiosus
1139 1045 1183 1077 ut
1196 1040 1261 1076 illa
1274 1040 1440 1086 plurima

286 1127 325 1151 m
347 1127 414 1150 sua
435 1116 560 1158 patria
581 1113 766 1148 sacrificia
787 1118 828 1149 et
849 1113 938 1149 fana
959 1119 1254 1157 contemneret;
1285 1117 1340 1151 ita
1359 1127 1439 1150 non

289 1188 452 1225 timidus
473 1187 521 1223 ad
541 1192 709 1223 mortem
736 1192 781 1223 ut
808 1190 847 1222 in
874 1190 957 1223 acie
984 1190 1034 1224 sit
1061 1188 1110 1223 ob
1136 1200 1219 1224 rem
1245 1188 1439 1233 publicam

212 1253 268 1292 64
292 1261 535 1299 interfectus.
596 1260 841 1305 Cupiditates
860 1274 939 1296 non
957 1261 1113 1306 Epicuri
1130 1261 1318 1298 divisione
1334 1262 1442 1298 finie-

287 1337 354 1373 bat
394 1335 463 1371 sed
498 1348 565 1370 sua
600 1337 794 1370 satietate.
856 1334 1044 1370 Habebat
1078 1340 1212 1371 tamen
1250 1338 1441 1372 rationem

290 1409 553 1450 valetudinis;
601 1408 788 1444 utebatur
825 1410 870 1443 iis
910 1409 1254 1445 exercitationibus
1302 1414 1346 1445 ut
1392 1409 1441 1445 ad

287 1496 425 1521 cenam
455 1488 496 1519 et
524 1485 660 1518 sitiens
688 1487 729 1517 et
757 1485 931 1518 esuriens
952 1485 1118 1527 veniret,
1140 1495 1186 1519 eo
1207 1484 1292 1519 cibo
1312 1486 1377 1528 qui
1399 1488 1440 1519 et

287 1560 535 1595 suavissimus
557 1560 659 1592 esset
682 1560 723 1592 et
749 1556 855 1591 idem
883 1555 1089 1592 facillimus
1115 1556 1164 1592 ad
1192 1569 1437 1602 concoquen-

286 1633 392 1676 dum,
414 1634 504 1667 vino
526 1635 566 1666 et
587 1629 636 1665 ad
657 1630 900 1674 voluptatem
926 1635 967 1665 et
993 1643 1043 1666 ne
1070 1636 1240 1667 noceret.
1300 1632 1439 1668 Cetera

287 1706 353 1743 illa
386 1704 614 1747 adhibebat,
647 1703 787 1747 quibus
821 1703 993 1748 demptis
1026 1709 1147 1748 negat
1178 1717 1218 1741 se
1250 1705 1439 1750 Epicurus

287 1778 522 1821 intellegere
557 1776 652 1820 quid
682 1779 733 1812 sit
759 1777 916 1812 bonum.
975 1777 1125 1813 Aberat
1154 1781 1278 1815 omnis
1308 1778 1443 1821 dolor;

284 1855 349 1899 qui
371 1854 401 1887 si
422 1850 591 1893 adesset,
612 1862 687 1885 nec
707 1849 880 1885 molliter
900 1849 1022 1886 ferret
1049 1855 1090 1887 et
1116 1855 1249 1888 tamen
1275 1852 1438 1888 medicis

283 1927 370 1973 plus
391 1925 507 1969 quam
528 1922 770 1967 philosophis
792 1927 980 1959 uteretur.
1041 1924 1153 1960 Color
1169 1928 1362 1970 egregius,
1379 1928 1437 1960 in-

281 2006 394 2045 tegra
414 1996 612 2040 valetudo,
629 2008 778 2031 summa
793 1999 920 2040 gratia
936 2009 945 2040 ;
975 1999 1054 2033 vita
1070 1997 1241 2043 denique
1257 1998 1433 2034 conferta

391 2058 405 2088 l
417 2055 464 2087 52
