1574 2364
213 766 262 805 97

223 1758 271 1796 98

597 156 794 194 CICERO
825 156 899 194 DE
929 157 1150 196 FINIBUS

290 227 418 274 ‘vitae
450 237 611 273 beatum
640 241 681 273 et
708 236 881 273 eundem
908 251 1135 284 supremum
1163 238 1284 284 diem,
1310 240 1454 277 scribe·

291 296 428 332 bamus
459 294 567 330 haec.
627 294 745 331 Tanti
779 295 945 332 aderant
975 299 1127 333 vesicae
1167 301 1210 333 et
1239 299 1453 334 torminum

292 354 416 389 morbi
437 358 482 389 ut
502 352 601 388 nihil
621 352 671 388 ad
693 365 827 389 eorum
847 354 1165 399 magnitudinem
1189 360 1323 400 posset
1346 368 1456 392 acce-

293 412 412 448 dere.'
447 411 635 447 Miserum
656 410 877 447 hominem!
909 412 949 449 Si
963 412 1074 448 dolor
1094 425 1290 449 summum
1309 414 1456 450 malum

294 474 364 514 est,
402 469 479 505 dici
511 468 627 505 aliter
657 481 738 505 non
769 474 912 514 potest.
973 469 1052 507 Sed
1082 470 1285 508 audiamus
1313 473 1453 516 ipsum.

293 519 679 573 ‘Compensabatur,’
707 530 849 572 inquit,
875 518 1034 564 ‘tamen
1066 541 1155 565 cum
1186 528 1247 565 his
1273 530 1454 567 omnibus

293 589 413 622 animi
434 586 586 622 laetitia
606 599 723 631 quam
748 586 951 631 capiebam
972 589 1159 622 memoria
1179 589 1376 623 rationum
1397 591 1455 624 in-

293 649 580 689 ventorumque
600 649 833 680 nostrorum.
886 644 964 680 Sed
979 649 1036 689 tu,
1057 649 1102 681 ut
1122 644 1287 690 dignum
1308 651 1368 682 est
1388 650 1457 682 tua

294 716 387 748 erga
406 715 469 738 me
491 707 533 738 et
553 701 840 748 philosophiam
862 702 1066 739 voluntate
1088 703 1137 739 ab
1157 703 1457 740 adulescentulo

295 766 488 806 suscepta,
510 760 571 796 fac
591 765 636 797 ut
657 760 875 796 Metrodori
897 765 1033 797 tueare
1054 761 1222 797 liberos.'
1273 761 1363 798 Non
1385 775 1459 807 ego

295 823 372 855 iam
411 818 722 864 Epaminondae,
761 831 841 854 non
882 818 1083 855 Leonidae
1126 824 1297 856 mortem
1344 819 1460 857 huius

294 880 411 914 morti
428 882 628 922 antepono
643 889 652 920 3
673 889 838 922 quorum
855 877 956 913 alter
969 890 1057 913 cum
1077 879 1236 915 vicisset
1257 877 1455 915 Lacedae-

295 939 445 973 monios
477 935 582 980 apud
618 936 865 971 Mantineam
896 940 1017 980 atque
1049 937 1133 980 ipse
1159 938 1269 980 gravi
1296 935 1460 974 vulnere

296 996 510 1032 exanimari
533 1006 575 1030 se
600 993 767 1038 videret,
792 998 837 1029 ut
861 995 1031 1038 primum
1056 993 1241 1039 dispexit,
1266 997 1460 1039 quaesivit

297 1053 476 1090 salvusne
498 1056 602 1088 esset
623 1051 782 1097 clipeus.
843 1051 940 1087 Cum
961 1050 1111 1088 salvum
1131 1063 1216 1088 esse
1236 1051 1378 1089 flentes
1398 1055 1457 1089 sui

297 1110 606 1157 respondissent,
626 1112 779 1155 rogavit
800 1114 987 1145 essentne
1007 1109 1083 1146 fusi
1103 1109 1246 1146 hostes.
1298 1110 1396 1147 Cum
1417 1111 1456 1148 id

297 1182 452 1215 quoque
473 1173 518 1205 ut
538 1168 722 1214 cupiebat
741 1167 967 1212 audivisset,
989 1167 1104 1204 evelli
1131 1171 1243 1205 iussit
1269 1181 1355 1205 eam
1382 1182 1458 1215 qua

298 1232 384 1265 erat
403 1226 610 1264 transfixus
631 1226 793 1262 hastam.
857 1225 917 1262 Ita
937 1226 1063 1262 multo
1087 1229 1277 1272 sanguine
1302 1227 1460 1272 profuso

298 1290 338 1323 in
359 1286 510 1322 laetitia
530 1290 571 1321 et
590 1287 752 1320 victoria
772 1289 831 1320 est
852 1289 1039 1320 mortuus.
1100 1284 1294 1321 Leonidas
1314 1291 1462 1331 autern,

299 1358 367 1381 rex
402 1343 803 1379 Lacedaemoniorum
842 1355 882 1378 se
922 1345 962 1377 in
997 1341 1272 1388 Thermopylis
1306 1348 1461 1381 trecen-

301 1409 439 1448 tosque
461 1414 526 1438 eos
547 1413 642 1446 quos
663 1400 854 1437 eduxerat
867 1399 1020 1446 Sparta,
1037 1413 1125 1437 cum
1146 1406 1251 1438 esset
1267 1405 1464 1447 proposita

301 1467 369 1499 aut
391 1460 484 1505 fuga
505 1462 629 1505 turpis
649 1464 718 1495 aut
737 1458 905 1504 gloriosa
933 1471 1048 1503 mors,
1069 1462 1252 1504 opposuit
1272 1459 1459 1496 hostibus.

303 1519 528 1556 Praeclarae
576 1522 722 1554 mortes
769 1521 861 1553 sunt
899 1519 1198 1561 imperatoriae3
1240 1517 1463 1563 philosophi

302 1583 436 1615 autem
457 1580 496 1613 in
514 1579 591 1612 suis
607 1575 762 1612 lectulis
779 1575 1010 1620 plerumque
1031 1577 1262 1612 moriuntur.
1323 1575 1462 1613 Refert

303 1642 437 1673 tamen
458 1633 664 1680 quomodo.
716 1633 861 1669 Beatus
885 1633 957 1669 sibi
985 1632 1141 1669 videtur
1167 1645 1252 1669 esse
1278 1636 1459 1671 moriens.

305 1695 451 1739 Magna
470 1683 586 1729 laus.1
643 1683 653 1699 ‘
667 1690 1029 1736 Compensabatur,’
1052 1693 1194 1736 inquit,
1219 1681 1229 1698 ‘
1245 1704 1335 1727 cum
1358 1704 1462 1728 sum-

304 1755 376 1789 mis
406 1751 604 1788 doloribus
629 1749 805 1785 laetitia?
865 1749 996 1785 Audio
1022 1748 1209 1794 equidem
1241 1748 1465 1795 philosophi

305 1823 455 1854 vocem,
477 1809 670 1854 Epicure3
700 1807 769 1843 sed
791 1807 885 1852 quid
910 1808 982 1843 tibi
1008 1806 1222 1843 dicendum
1247 1810 1298 1844 sit
1321 1807 1467 1845 oblitus

305 1882 356 1906 es.
419 1867 592 1903 Primum
614 1868 733 1910 enim,
755 1868 786 1901 si
808 1878 899 1901 vera
919 1870 1012 1901 sunt
1038 1877 1083 1901 ea
1103 1877 1269 1910 quorum
1289 1865 1468 1902 recorda-

345 1957 357 1975 ¹
368 1955 468 1986 MSS.
486 1955 606 1995 Refert
619 1956 734 1984 tamen
747 1953 838 1993 quod
847 1953 917 1983 sibi
927 1953 1147 1984 videturesse
1160 1953 1326 1984 morienti
1339 1964 1468 1993 magna

306 2001 396 2037 laus,
411 1999 493 2029 with
510 1997 667 2028 variants
685 2006 750 2036 quo
766 1996 871 2032 moda,
887 1996 1072 2027 videbatur
1086 1996 1157 2027 and
1174 1996 1333 2029 moriens.
1367 1996 1463 2028 Mdv.

307 2047 462 2074 restores
478 2051 520 2072 as
536 2040 662 2078 above,
682 2038 856 2079 inserting
871 2038 1003 2071 beatus.

415 2104 523 2149 188,
