1615 2359
221 751 271 789 49

609 129 805 167 CICERO
836 128 911 166 DE
941 130 1160 168 FINIBUS

301 211 370 256 qui
390 223 502 247 suum
523 209 712 247 iudicium
731 213 910 247 retinent
924 223 976 247 ne
992 210 1195 256 voluptate
1211 211 1304 246 victi
1319 209 1466 246 faciant

300 279 341 318 id
370 280 476 326 quod
506 282 681 317 sentiant
703 293 784 317 non
808 293 893 317 esse
916 279 1155 326 faciendum,
1176 282 1203 316 ii
1222 279 1468 325 voluptatem

300 349 511 384 maximam
549 346 822 393 adipiscuntur
859 346 1217 393 praetermittenda
1249 346 1465 391 voluptate.

304 413 431 451 Iidem
463 417 583 451 etiam
615 414 793 451 dolorem
824 427 941 460 saepe
967 416 1247 460 perpetiuntur
1275 426 1339 458 ne,
1367 415 1398 449 si
1427 411 1468 449 id

303 494 382 517 non
412 481 572 527 faciant,
593 481 773 518 incidant
801 483 843 517 in
871 483 1070 517 maiorem.
1130 480 1189 517 Ex
1214 493 1291 526 quo
1311 479 1468 517 intelle-

302 551 409 593 gitur
428 561 503 585 nec
524 551 873 594 intemperantiam
888 553 1051 594 propter
1066 561 1107 585 se
1124 560 1207 584 esse
1224 546 1467 592 fugiendam,

301 618 687 661 temperantiamque
718 615 983 661 expetendam
1015 628 1094 651 non
1126 617 1217 660 quia
1245 614 1468 660 voluptates

302 681 428 727 fugiat
449 682 518 719 sed
539 685 628 728 quia
648 684 813 718 maiores
834 687 1106 727 consequatur.

356 749 438 785 XV.
474 739 659 785 “Eadem
685 748 929 785 fortitudinis
954 751 1054 785 ratio
1078 751 1306 794 reperietur.
1366 748 1468 784 Nam

302 827 433 861 neque
454 815 631 852 laborum
652 815 878 861 perfunctio
904 828 1035 861 neque
1062 817 1262 861 perpessio
1289 814 1467 851 dolorum

305 895 436 927 perse
458 884 541 928 ipsa
569 882 706 927 allicit,
727 895 801 918 nec
831 884 1025 927 patientia
1053 895 1127 919 nec
1157 881 1364 918 assiduitas
1393 894 1467 918 nec

302 949 459 994 vigiliae
480 962 554 986 nec
575 951 657 994 ipsa
674 962 773 994 quae
788 948 972 985 laudatur
987 948 1192 994 industria,
1209 961 1260 985 ne
1276 947 1467 984 fortitudo

303 1015 479 1060 quidem,
501 1015 571 1052 sed
592 1018 666 1052 ista
687 1018 887 1060 sequimur
907 1020 951 1051 ut
972 1018 1055 1052 sine
1081 1028 1173 1051 cura
1195 1019 1386 1060 metuque
1410 1017 1465 1050 vi·

303 1095 440 1119 vanius
459 1085 715 1128 animumque
737 1086 778 1118 et
798 1095 937 1127 corpus
958 1087 1151 1127 quantum
1171 1082 1323 1118 efficere
1343 1083 1464 1127 possi-

301 1162 387 1186 mus
425 1149 607 1186 molestia
643 1149 866 1185 liberemus.
942 1148 1000 1185 Ut
1036 1151 1143 1185 enim
1179 1150 1317 1185 mortis
1354 1152 1464 1184 metu

303 1218 430 1253 omnis
462 1218 621 1262 quietae
650 1219 754 1252 vitae
784 1220 909 1252 status
938 1216 1205 1261 perturbatur,
1236 1219 1278 1252 et
1305 1220 1351 1252 ut
1379 1227 1464 1251 suc-

303 1283 490 1320 cumbere
511 1282 709 1320 doloribus
727 1295 871 1327 eosque
888 1281 1027 1318 humili
1043 1284 1173 1318 animo
1189 1281 1466 1326 imbecilloque

303 1349 408 1386 ferre
442 1352 629 1386 miserum
665 1354 738 1394 est,
773 1349 823 1385 ob
858 1361 1024 1394 eamque
1059 1349 1308 1385 debilitatem
1346 1350 1466 1384 animi

303 1416 419 1453 multi
466 1420 666 1461 parentes,
705 1415 821 1452 multi
868 1418 1025 1460 amicos,
1063 1415 1245 1452 nonnulli
1286 1417 1465 1461 patriam,

302 1482 481 1528 plerique
515 1487 650 1519 autem
689 1495 731 1519 se
769 1485 872 1528 ipsos
910 1484 1069 1527 penitus
1103 1481 1376 1527 perdiderunt,
1410 1484 1465 1517 sic

302 1550 484 1586 robustus
504 1552 657 1585 animus
683 1554 724 1586 et
752 1548 930 1585 excelsus
957 1551 1063 1585 omni
1090 1553 1151 1586 est
1176 1548 1276 1585 liber
1303 1561 1393 1585 cura
1421 1551 1464 1584 et

302 1629 462 1661 angore,
483 1629 572 1652 cum
603 1620 644 1652 et
673 1621 842 1652 mortem
873 1618 1106 1661 contemnit,
1133 1628 1210 1661 qua
1238 1618 1305 1661 qui
1333 1615 1463 1652 affecti

301 1688 395 1720 sunt
415 1685 455 1719 in
477 1682 617 1719 eadem
638 1696 753 1719 causa
772 1687 865 1719 sunt
889 1695 965 1728 qua
990 1687 1202 1728 antequam
1229 1685 1325 1727 nati,
1347 1687 1388 1719 et
1414 1682 1463 1719 ad

304 1749 458 1786 dolores
479 1751 533 1785 ita
555 1754 713 1794 paratus
735 1754 795 1785 est
814 1754 859 1785 ut
878 1751 1106 1785 meminerit
1125 1751 1314 1786 maximos
1338 1754 1465 1786 morte

302 1816 415 1861 finiri,
437 1828 575 1861 parvos
600 1816 726 1851 multa
752 1815 899 1852 habere
926 1815 1134 1852 intervalla
1159 1817 1360 1860 requietis,
1381 1829 1464 1853 me·

299 1882 492 1919 diocrium
525 1895 596 1918 nos
631 1895 716 1918 esse
751 1881 944 1927 dominos,
976 1886 1023 1919 ut
1055 1884 1087 1919 si
1119 1881 1345 1919 tolerabiles
1383 1885 1463 1919 sint

297 1949 481 1994 feramus,
502 1951 533 1985 si
553 1950 696 1993 minus,
716 1950 847 1984 animo
874 1961 1000 1994 aequo
1027 1961 1049 1985 e
1075 1951 1168 1994 vita,
1190 1962 1279 1985 cum
1307 1962 1354 1985 ea
1379 1962 1459 1986 non

296 2015 462 2060 placeat,
483 2019 684 2060 tamquam
705 2027 726 2051 e
748 2014 905 2052 theatro
927 2027 1121 2052 exeamus.
1173 2014 1326 2061 Quibus
1342 2015 1458 2053 rebus

403 2074 452 2106 52
