1574 2364
196 1176 243 1209 38

583 151 780 189 CICERO
812 151 886 189 DE
916 152 1137 192 FINIBUS

274 229 395 268 iudici
429 230 527 275 est’3
562 231 593 267 si
623 233 731 267 enim
760 244 841 268 non
874 231 952 269 fuit
985 245 1122 270 eorum
1155 233 1289 280 iudici,
1317 234 1444 272 nihilo

275 301 399 343 magis
431 297 505 334 hoc
537 311 618 334 non
648 297 786 335 addito
817 298 917 335 illud
951 304 1013 336 est
1045 299 1274 337 iudicatum.
1335 300 1442 347 Quid

276 364 455 401 iudicant
491 365 654 401 sensus?
712 363 854 411 Dulce,
888 378 1078 411 amarum,
1111 366 1212 412 leve,
1247 380 1443 414 asperum,

276 445 412 478 prope,
432 432 565 477 longe,
593 436 712 477 stare,
731 433 921 480 movere1‚
939 432 1187 479 quadratum,
1214 434 1439 471 rotundum.

276 499 477 544 Aequam2
508 501 631 543 igitur
658 499 931 544 pronuntiabit
962 503 1203 536 sententiam
1233 503 1344 546 ratio,
1374 501 1434 538 ad-

275 565 402 602 hibita
440 567 611 610 primum
659 564 881 601 divinarum
929 564 1270 612 humanarumque
1308 580 1440 605 rerum

275 634 454 676 scientia,
476 644 575 677 quae
598 636 731 677 potest
750 631 940 677 appellari
966 634 1042 668 rite
1067 635 1273 679 sapientia,
1294 633 1441 672 deinde

274 698 470 735 adiunctis
500 698 725 743 virtutibus,
755 711 850 743 quas
880 702 979 734 ratio
1008 712 1138 735 rerum
1168 703 1343 737 omnium
1374 701 1442 738 do-

274 768 413 811 minas,
448 770 492 801 tu
526 764 778 810 voluptatum
813 765 1008 802 satellites
1043 771 1086 803 et
1123 769 1323 804 ministras
1357 780 1442 805 esse

275 832 455 874 voluisti;
484 844 649 877 quarum
680 831 780 868 adeo
810 835 986 868 omnium
1021 845 1070 869 ex
1125 836 1323 870 sententia
1355 847 1444 880 pro-

275 899 477 936 nuntiabit
510 901 679 944 primum
715 897 765 934 de
794 897 1013 944 voluptate,
1043 898 1142 935 nihil
1172 912 1258 937 esse
1288 903 1325 937 ei
1353 901 1442 946 loci,

274 979 355 1002 non
374 964 493 1002 modo
513 969 559 1001 ut
578 964 660 1001 sola
679 969 850 1010 ponatur
870 968 910 1000 in
931 968 1074 1001 summi
1094 966 1187 1002 boni
1209 966 1303 1003 sede
1322 964 1446 1016 quod3

275 1034 512 1078 quaerimus,
534 1030 605 1068 sed
624 1044 675 1067 ne
696 1031 764 1067 illo
785 1030 947 1076 quidem
972 1031 1089 1068 modo
1113 1037 1159 1069 ut
1181 1032 1231 1069 ad
1255 1032 1440 1070 honesta-

274 1105 357 1137 tem
386 1098 618 1145 applicetur.
680 1097 742 1134 De
773 1100 970 1134 vacuitate
1000 1097 1145 1135 doloris
1179 1099 1320 1136 eadem
1351 1113 1440 1137 sen-

276 1173 404 1208 tentia
425 1172 511 1207 erit.
575 1169 776 1206 Reicietur
797 1171 917 1205 etiam
938 1169 1175 1216 Carneades,
1195 1183 1271 1207 nec
1290 1171 1371 1208 ulla
1392 1171 1442 1209 de

276 1255 428 1279 summo
448 1242 552 1278 bono
573 1243 671 1277 ratio
692 1245 760 1277 aut
782 1240 995 1285 voluptatis
1016 1254 1097 1277 non
1118 1240 1329 1278 dolendive
1355 1256 1442 1288 par—

277 1317 402 1360 ticeps
422 1317 491 1349 aut
514 1312 735 1348 honestatis
763 1324 903 1357 expers
928 1312 1170 1357 probabitur.
1233 1312 1294 1350 Ita
1324 1313 1443 1350 relin-

276 1390 373 1431 quet
393 1384 502 1429 duas,
524 1383 574 1420 de
596 1383 736 1428 quibus
758 1385 878 1418 etiam
906 1387 1026 1428 atque
1055 1386 1176 1419 etiam
1204 1384 1438 1422 consideret.

277 1458 360 1494 Aut
386 1458 492 1492 enim
520 1458 671 1491 statuet
697 1453 796 1490 nihil
825 1466 910 1490 esse
937 1454 1086 1491 bonum
1112 1457 1187 1491 nisi
1215 1454 1441 1502 honestum,

276 1528 375 1564 nihil
409 1526 556 1563 malum
594 1528 669 1561 nisi
707 1530 837 1570 turpe,
872 1530 1006 1562 cetera
1043 1529 1114 1562 aut
1146 1528 1306 1562 omnino
1341 1527 1440 1564 nihil

276 1598 422 1635 habere
448 1598 642 1633 momenti
668 1600 737 1632 aut
763 1600 921 1632 tantum
949 1600 995 1632 ut
1021 1608 1096 1632 nec
1117 1597 1345 1642 expetenda
1365 1611 1440 1636 nec

274 1667 466 1715 fugienda
485 1666 556 1704 sed
576 1665 762 1712 eligenda
782 1665 899 1702 modo
919 1671 989 1703 aut
1014 1666 1216 1704 reicienda
1242 1669 1341 1712 sint3
1370 1673 1439 1706 aut

275 1743 495 1785 anteponet
521 1751 608 1775 eam
635 1750 752 1783 quam
782 1750 871 1773 cum
898 1736 1110 1775 honestate
1137 1740 1438 1785 ornatissimam,

274 1817 361 1850 tum
382 1812 502 1846 etiam
523 1811 614 1854 ipsis
636 1811 758 1845 initiis
778 1813 943 1845 naturae
972 1813 1014 1845 et
1040 1811 1164 1846 totius
1190 1809 1437 1855 perfectione

276 1885 380 1920 vitae
394 1880 679 1926 locupletatam
695 1879 855 1917 videbit.
907 1879 1026 1926 Quod
1042 1892 1089 1917 eo
1103 1879 1290 1926 liquidius
1305 1879 1436 1928 faciet,

416 1978 428 1998 ²
452 1977 578 2010 moveri
595 1976 607 2008 ?
623 1976 726 2008 Reid.

416 2021 429 2041 ²
451 2029 594 2063 aequam
612 2020 710 2051 Mdv.
728 2019 818 2050 with
835 2019 934 2060 early
952 2018 1047 2057 edd..
1065 2028 1168 2062 quam
1185 2018 1284 2052 MSS.

415 2064 428 2082 ³
451 2064 549 2106 quod,
569 2062 671 2099 Reid,
691 2071 804 2103 quam,
823 2062 922 2093 MSS.

384 2110 457 2146 1224
