1615 2359
575 116 771 154 CICERO
803 117 877 153 DE
907 117 1126 156 FINIBUS

269 204 397 242 ficium
418 204 611 248 noh1isse3
641 208 796 250 septem
815 209 949 242 autem
968 205 1027 242 §lli
1043 218 1122 242 non
1139 217 1208 242 suo
1224 204 1293 242 sed
1309 216 1432 251 popu-

269 283 395 321 lorum
417 282 599 328 suffragio
620 285 796 319 omnium
817 286 1009 320 nominati
1030 289 1133 321 sunt.
1192 283 1339 320 Verum
1360 282 1435 320 hoc

269 364 355 398 loco
387 374 497 398 sumo
527 361 656 398 verbis
687 360 747 397 his
779 360 948 398 eandem
980 366 1088 398 certe
1118 364 1197 398 vim
1226 361 1438 406 voluptatis

272 436 486 481 Epicurum
506 448 620 472 nosse
642 448 759 480 quam
781 440 944 472 ceteros.
1005 435 1156 473 Omnes
1177 438 1283 472 enim
1303 437 1438 471 iucun-

271 511 366 547 dum
401 515 553 546 motum
588 522 665 555 quo
699 522 836 546 sensus
870 509 1062 546 hilaretur
1101 510 1252 546 Graece
1290 508 1436 555 ἡδονήν,

274 585 415 622 Latine
438 584 685 630 voluptatem
706 584 888 621 vocant.'’
948 574 1090 630 “Quid
1111 589 1172 621 est
1198 583 1357 629 igitur,’'
1380 586 1438 619 in-

274 663 373 706 quit,
392 650 531 705 “quod
552 659 784 704 requiras?’'
845 650 1059 705 “Dicam,”
1077 661 1251 705 inquam,
1269 649 1293 666 “
1302 664 1343 695 et
1356 660 1440 703 qui-

277 735 368 771 dem
390 734 570 770 discendi
591 747 705 770 causa
721 737 845 779 magis
862 747 978 779 quam
995 746 1072 779 quo
1087 738 1128 771 te
1145 739 1214 771 aut
1229 733 1442 779 Epicurum

278 822 510 855 reprensum
541 809 698 846 velim.’'
760 800 879 854 “Ego
909 810 1104 855 quoque,”
1137 811 1280 855 inquit,
1309 799 1443 845 “didi-

279 888 399 921 cerim
419 884 610 920 libentius
631 887 662 920 si
688 883 780 929 quid
809 883 991 921 attuleris
1017 897 1134 930 quam
1162 888 1202 921 'ce
1230 883 1444 930 reprende-

279 959 391 996 rim.”
465 949 488 966 “
502 958 685 995 Tenesne
724 959 883 1004 igitur,”
924 962 1098 1004 inquam,
1137 949 1162 966 “
1176 959 1445 1004 Hieronymus

282 1033 457 1070 Rhodius
478 1033 573 1078 quid
594 1033 701 1069 dicat
722 1046 805 1069 esse
827 1046 1024 1069 summum
1044 1033 1204 1079 bonum,
1225 1045 1302 1078 quo
1329 1037 1445 1078 putet

281 1111 411 1145 omnia
432 1107 569 1144 referri
594 1108 834 1153 oportere?”
897 1098 1103 1153 “Te11e0,'’
1126 1110 1268 1153 inquit,
1289 1097 1313 1115 “
1327 1107 1445 1144 finem

281 1184 337 1220 illi
373 1183 498 1220 videri
531 1183 630 1219 nihil
665 1182 840 1220 dolere.”
901 1173 1066 1228 “Quid?
1097 1183 1204 1219 idem
1237 1183 1351 1228 iste,''
1388 1185 1446 1218 in-

284 1272 414 1304 quam,
446 1248 529 1295 “de
565 1258 768 1303 voluptate
803 1258 898 1303 quid
929 1257 1108 1295 sentit?'’
1169 1248 1336 1303 “Negat
1364 1270 1449 1294 esse

626 1323 822 1379 “propter
855 1346 896 1370 se
931 1331 1237 1378 expetendam.’'
1297 1323 1450 1368 “Aliud

285 1334 411 1379 eam,”
449 1336 591 1378 inquit,

284 1411 406 1454 igitur
428 1420 512 1444 esse
534 1412 671 1444 censet
691 1407 880 1453 gaudere,
901 1407 1008 1444 aliud
1031 1420 1111 1444 non
1132 1407 1306 1444 dolere.”
1364 1397 1450 1443 “Et

284 1483 485 1529 quidem,”
509 1485 654 1528 inquit,
676 1473 971 1520 “vehementer
991 1487 1114 1526 errat3
1143 1494 1249 1527 nam,
1268 1487 1314 1519 ut
1334 1484 1449 1528 paulo

283 1563 376 1595 ante
391 1558 519 1603 docui,
533 1557 740 1603 augendae
753 1557 966 1604 voluptatis
982 1558 1068 1594 finis
1084 1562 1146 1595 est
1161 1557 1304 1594 doloris
1320 1562 1445 1596 omnis

283 1632 468 1670 amotio.”
527 1623 653 1668 “Non
674 1631 847 1678 dole1·e,”
870 1635 1044 1678 inquam,
1065 1622 1205 1669 “istud
1225 1645 1342 1678 quam
1368 1636 1446 1669 vim

283 1707 430 1743 habeat
446 1711 584 1752 postea
600 1706 755 1750 vider03
785 1706 902 1742 aliam
917 1718 1010 1743 vero
1025 1708 1105 1742 vim
1119 1705 1332 1751 voluptatis
1350 1719 1448 1752 esse,

283 1782 399 1818 aliam
424 1780 523 1817 nihil
551 1780 725 1826 dolendi,
746 1783 821 1817 nisi
849 1780 962 1817 valde
991 1782 1173 1827 pertinax
1204 1779 1336 1826 fueris,
1358 1793 1449 1817 con-

284 1855 400 1893 cedas
430 1867 594 1892 necesse
625 1855 724 1892 est.”
784 1846 943 1901 “Atqui
971 1854 1183 1901 reperies,”
1206 1857 1348 1900 inquit,
1370 1845 1396 1862 “
1407 1858 1446 1892 in

284 1930 358 1968 hoc
397 1929 558 1976 quidem
596 1932 866 1975 pertinacem3
914 1929 992 1966 dici
1031 1933 1137 1966 enim
1175 1929 1274 1966 nihil
1312 1934 1445 1975 potest

284 2005 448 2042 ve1·ius.’'
509 1994 680 2050 “Estne,
705 2003 887 2050 quaeso,”
911 2006 1084 2050 inquam,
1106 1993 1290 2040 “sitienti
1318 2004 1359 2040 in
1387 2004 1444 2040 bi-

392 2057 442 2096 86
