1574 2364
217 727 265 758 45

216 1540 264 1578 46

604 135 799 173 CICERO
830 136 904 173 DE
934 136 1151 175 FINIBUS

351 207 577 262 “Quoniam
590 221 725 252 autem
738 218 769 252 is
783 219 903 252 animi
917 220 1118 262 appetitus
1132 231 1153 253 a
1166 219 1358 264 principio
1374 218 1463 265 fuit,

297 286 341 317 ut
358 293 403 316 ea
417 292 515 324 quae
533 279 613 315 dixi
627 292 744 324 quam
758 279 1046 325 perfectissima
1058 285 1199 317 natura
1212 280 1461 328 haberemus,

297 342 567 379 confitendum
584 347 656 387 est,
672 355 760 378 cum
776 342 817 378 id
833 343 969 388 adepti
986 346 1105 379 simus
1121 344 1226 389 quod
1239 347 1462 390 appetitum

296 409 360 451 sit,
387 408 426 441 in
453 418 499 442 eo
524 408 634 450 quasi
661 408 701 441 in
726 405 866 442 ultimo
893 409 1108 443 consistere
1134 412 1316 443 naturam
1342 413 1462 454 atque

296 469 337 505 id
358 481 442 506 esse
464 481 662 505 summum
683 469 854 512 bonum;
885 469 990 514 quod
1013 474 1122 506 certe
1146 472 1374 507 universum
1395 484 1463 508 sua

296 537 438 578 sponte
459 534 588 578 ipsum
609 534 743 577 expeti
765 536 806 568 et
826 537 989 578 propter
1013 545 1054 569 se
1081 545 1245 570 necesse
1274 539 1348 579 est,
1369 547 1464 579 quo-

297 598 402 631 niam
418 600 512 631 ante
526 594 841 631 demonstratum
857 600 916 631 est
926 598 1045 631 etiam
1057 595 1229 640 singulas
1239 598 1322 633 eius
1332 602 1464 642 partes

297 671 381 694 esse
398 671 468 703 per
489 671 529 693 se
547 658 802 703 expetendas.

352 712 376 728 “
391 721 438 757 In
460 720 737 757 enumerandis
758 725 892 757 autem
914 724 1084 766 corporis
1099 722 1313 759 commodis
1331 725 1361 759 si
1378 725 1464 768 quis

297 787 615 830 praetermissam
635 797 657 819 a
684 784 796 819 nobis
823 784 1070 829 voluptatem
1098 785 1268 830 putabit,
1290 788 1330 821 in
1357 785 1463 822 aliud

297 853 455 893 tempus
477 860 522 883 ea
538 850 717 892 quaestio
739 847 952 883 differatur.
998 848 1143 884 Utrum
1161 851 1267 884 enim
1283 851 1335 885 sit
1356 849 1462 885 volu-

297 916 383 956 ptas
404 914 445 946 in
465 913 510 946 iis
528 910 645 946 rebus
665 922 760 955 quas
782 913 926 955 primas
944 910 1162 946 secundum
1179 916 1361 948 naturam
1378 924 1462 948 esse

296 974 465 1010 diximus
487 985 614 1009 necne
635 975 699 1018 sit,
720 972 770 1009 ad
790 972 830 1009 id
851 973 956 1018 quod
977 975 1130 1018 agimus
1153 973 1254 1010 nihil
1281 977 1460 1011 interest.

296 1037 337 1074 Si
364 1038 483 1081 enim,
504 1040 549 1072 ut
576 1036 673 1071 mihi
702 1035 864 1081 quidem
892 1036 1062 1081 videtur,
1089 1049 1170 1073 non
1197 1037 1334 1082 explet
1361 1038 1463 1074 bona

295 1104 459 1136 naturae
490 1099 682 1144 voluptas,
711 1101 793 1134 iure
824 1102 1099 1144 praetermissa
1129 1104 1209 1144 est;
1240 1102 1300 1136 sin
1328 1105 1461 1136 autem

296 1168 355 1199 est
384 1165 424 1198 in
451 1175 497 1198 ea
529 1162 634 1207 quod
667 1161 826 1207 quidam
859 1161 1009 1207 volunt,
1034 1162 1134 1198 nihil
1164 1163 1333 1208 impedit
1359 1163 1460 1199 hane

296 1230 469 1261 nostram
497 1224 891 1270 comprehensionem
919 1228 1058 1261 summi
1087 1225 1204 1270 boni;
1234 1238 1334 1271 quae
1355 1229 1460 1262 enim

295 1291 511 1325 constituta
527 1293 619 1324 sunt
635 1290 759 1332 prima
775 1293 952 1332 naturae,
967 1288 1015 1324 ad
1032 1301 1077 1324 ea
1091 1290 1122 1325 si
1136 1288 1316 1334 voluptas
1331 1302 1460 1326 acces—

295 1354 402 1396 serit,
434 1363 556 1387 unum
585 1350 744 1395 aliquod
776 1354 986 1386 accesserit
1014 1351 1264 1387 commodum
1291 1355 1461 1398 corporis

294 1427 424 1459 neque
451 1426 537 1449 eam
559 1416 886 1449 constitutionem
908 1416 1048 1449 summi
1071 1414 1162 1449 boni
1179 1427 1279 1459 quae
1297 1419 1357 1451 est
1373 1428 1460 1461 pro-

294 1481 420 1523 posita
441 1479 663 1512 mutaverit.

349 1539 478 1576 XVII.
513 1530 598 1575 “Et
619 1539 747 1575 adhuc
765 1539 925 1584 quidem
942 1541 997 1575 ita
1013 1540 1125 1576 nobis
1141 1553 1346 1585 progressa
1361 1544 1459 1577 ratio

296 1608 357 1641 est
378 1608 422 1639 ut
449 1615 495 1639 ea
521 1602 734 1639 duceretur
761 1605 887 1639 omnis
914 1615 936 1638 a
962 1605 1088 1648 prima
1115 1603 1459 1641 commendatione

294 1672 469 1703 naturae.
531 1665 647 1701 Nune
674 1670 808 1701 autem
835 1665 942 1702 aliud
969 1668 1046 1702 iam
1073 1666 1380 1711 argumentandi
1401 1679 1460 1703 se-

295 1742 459 1776 quamur
478 1741 618 1774 genus,
640 1732 685 1764 ut
705 1741 784 1764 non
806 1727 931 1764 solum
953 1730 1044 1773 quia
1069 1741 1140 1765 nos
1161 1728 1369 1774 diligamus
1390 1729 1458 1766 sed

294 1795 384 1839 quia
416 1794 605 1836 cuiusque
645 1794 767 1836 partis
798 1795 963 1828 naturae
996 1795 1038 1828 et
1068 1793 1107 1828 in
1144 1804 1306 1838 corpore
1342 1796 1384 1829 et
1417 1795 1456 1829 in

294 1858 424 1893 animo
441 1867 508 1891 sua
522 1867 702 1900 quaeque
718 1856 775 1890 vis
791 1856 855 1898 sit,
868 1854 1013 1891 idcirco
1028 1856 1070 1891 in
1085 1853 1145 1891 his
1158 1855 1274 1892 rebus
1288 1847 1456 1892 summe¹

595 1917 746 1948 ¹Summe
764 1917 859 1953 edd.;
883 1928 1022 1948 Summa
1041 1918 1141 1949 MSS.

338 1987 421 2017 ahis
437 1986 534 2017 rebus
551 1974 667 2016 seems
685 1990 720 2015 to
738 1984 829 2015 refer
846 1989 881 2014 to
897 1986 1065 2026 cuiusque
1074 1985 1195 2026 partis
1215 1989 1379 2024 naturae,
1398 1997 1452 2028 cp.

294 2032 311 2070 ἓ
326 2041 368 2072 44
383 2034 476 2067 note,
495 2028 567 2060 and
582 2030 598 2067 ἓ
615 2028 655 2070 56
674 2029 682 2044 ‘
697 2031 731 2059 et
748 2038 895 2069 corpore
913 2032 946 2059 et
963 2028 1080 2060 animo
1097 2029 1253 2061 moveri.'

401 2084 478 2117 444
