1574 2364
677 162 871 200 CICERO
904 162 977 199 DE
1007 160 1226 202 FINIBUS

368 248 503 280 autem
524 243 676 279 bestiae
697 242 890 288 quaedam
911 245 951 279 in
968 243 1108 289 quibus
1123 246 1228 280 inest
1243 244 1392 290 aliquid
1408 244 1536 282 simile

370 309 540 352 virtutis,
562 311 608 342 ut
634 309 675 342 in
702 306 897 351 leonibus,
918 311 964 343 ut
989 309 1031 342 in
1059 307 1233 352 canibus,
1255 299 1321 344 utl
1341 309 1382 344 in
1410 310 1534 353 equis,

369 372 409 406 in
431 370 572 415 quibus
592 382 672 406 non
694 382 900 415 corporum
919 368 1045 406 solum
1061 372 1162 406 utin
1179 370 1312 407 suibus
1328 370 1397 407 sed
1414 373 1533 407 etiam

370 436 591 469 animorum
611 432 741 478 aliqua
762 445 809 469 ex
837 437 948 478 parte
975 437 1105 469 motus
1133 433 1321 478 quosdam
1342 433 1530 470 videmus.

372 496 416 532 In
439 496 599 532 homine
620 500 754 532 autem
770 509 921 532 summa
937 498 1062 531 omnis
1079 498 1199 532 animi
1215 501 1275 532 est
1292 501 1332 533 et
1348 499 1388 532 in
1405 499 1534 533 animo

371 562 544 604 rationis,
572 572 620 595 ex
653 572 728 604 qua
761 561 882 595 virtus
915 564 988 603 est,
1016 572 1115 603 quae
1149 561 1309 595 rationis
1341 559 1535 596 absolutio

371 622 571 666 definitur,
610 635 727 667 quam
767 624 886 658 etiam
921 627 1041 667 atque
1090 625 1210 658 etiam
1259 622 1533 667 explicandam

369 690 523 731 putant.

290 752 340 791 39
426 740 606 784 “Earum
634 751 755 784 etiam
782 761 912 784 rerum
941 761 1035 793 quas
1064 753 1168 784 terra
1194 751 1325 794 gignit
1352 749 1534 786 educatio

370 811 565 858 quaedam
586 816 628 848 et
648 811 841 857 perfectio
863 816 923 847 est
944 824 1023 848 non
1039 811 1237 848 dissimilis
1252 814 1533 856 animantium3

368 879 502 921 itaque
524 879 565 912 et
586 876 715 911 vivere
737 877 860 910 vitem
885 879 926 911 et
950 877 1047 910 mori
1073 874 1252 921 dicimus,
1272 875 1529 921 arboremque

369 944 410 975 et
430 938 626 975 novellam
655 942 697 974 et
724 937 899 974 vetulam
927 943 966 974 et
995 940 1128 983 vigere
1157 943 1197 974 et
1226 951 1452 983 senescere3
1482 952 1530 975 ex

367 1015 444 1047 quo
464 1015 544 1038 non
565 1005 625 1038 est
645 1000 819 1037 alienum
840 1006 884 1037 ut
904 1002 1170 1038 animantibus
1195 1004 1248 1038 sic
1273 1001 1349 1038 illis
1374 1007 1414 1039 et
1438 1008 1531 1048 apta

366 1065 560 1111 quaedam
593 1064 644 1101 ad
677 1069 858 1101 naturam
893 1070 1034 1110 putare
1069 1070 1110 1101 et
1141 1065 1282 1109 aliena,
1315 1078 1528 1112 earumque

366 1128 636 1173 augendarum
658 1132 699 1164 et
722 1127 954 1164 alendarum
980 1127 1178 1173 quandam
1201 1128 1407 1165 cultricem
1431 1142 1530 1175 esse,

365 1205 464 1237 quae
487 1194 537 1227 sit
557 1193 722 1227 scientia
742 1195 862 1235 atque
883 1203 943 1227 ars
959 1191 1232 1236 agricolarum,
1249 1204 1348 1236 quae
1365 1194 1528 1229 circum-

366 1255 484 1297 c'idat,
494 1258 688 1299 amputet,
699 1256 839 1298 erigat,
849 1254 1028 1298 extollat,
1038 1254 1310 1299 adminiculet,
1320 1259 1365 1291 ut
1374 1268 1451 1300 quo
1460 1269 1527 1292 na-

365 1318 453 1350 tura
469 1312 570 1349 serat
586 1325 632 1348 eo
648 1314 799 1357 possint
815 1315 892 1355 ire3
908 1317 952 1348 ut
968 1315 1074 1357 ipsae
1091 1316 1190 1349 vites
1207 1316 1237 1349 si
1253 1313 1359 1358 loqui
1375 1316 1525 1359 possint

364 1375 419 1408 ita
440 1384 480 1408 sc
497 1370 722 1407 tractandas
739 1370 986 1415 tuendasque
1011 1383 1095 1407 esse
1113 1370 1323 1407 fateantur.
1347 1372 1399 1408 Et
1419 1385 1524 1408 nunc

364 1429 525 1475 quidem
559 1428 664 1474 quod
699 1442 785 1464 eam
818 1433 967 1473 tuetur,
1001 1433 1047 1465 ut
1080 1429 1130 1465 de
1165 1432 1244 1466 vite
1278 1432 1524 1475 potissimum

362 1489 512 1534 loquar,
529 1493 590 1524 est
606 1487 646 1524 id
667 1490 931 1530 extrinsecus;
952 1490 992 1523 111
1009 1490 1091 1533 ipsa
1107 1490 1213 1524 enim
1229 1501 1367 1533 parum
1382 1502 1524 1534 magna

364 1550 420 1583 vis
447 1549 552 1583 inest
575 1550 620 1582 ut
647 1559 764 1590 quam
791 1548 940 1590 optime
968 1558 1009 1582 se
1035 1545 1182 1583 habere
1209 1549 1332 1592 possit
1358 1549 1389 1583 si
1416 1547 1523 1583 nulla

285 1611 333 1643 40
364 1605 517 1643 cultura
536 1604 781 1640 adhibeatur.
843 1604 898 1640 At
920 1617 1011 1640 vero
1031 1607 1063 1640 si
1082 1605 1133 1641 ad
1154 1607 1276 1641 vitem
1300 1618 1437 1642 sensus
1460 1619 1522 1642 ac-

362 1666 536 1708 cesserit,
568 1667 614 1699 ut
644 1665 867 1708 appetitum
900 1662 1100 1707 quendam
1131 1663 1277 1700 habeat
1308 1668 1350 1700 et
1379 1676 1451 1709 per
1481 1677 1523 1700 se

361 1725 445 1768 ipsa
470 1725 686 1765 moveatur,
713 1720 808 1765 quid
839 1720 1032 1757 facturam
1062 1723 1202 1766 putas?
1259 1721 1324 1757 An
1352 1735 1398 1758 ea
1423 1735 1523 1767 quae

360 1794 431 1827 per
451 1783 660 1816 vinitorem
680 1783 800 1815 antea
821 1780 1137 1824 consequebatur
1155 1793 1227 1825 per
1246 1793 1288 1816 se
1308 1783 1391 1825 ipsa
1415 1793 1523 1816 cura-

742 1840 754 1860 ¹
767 1845 807 1872 ut
822 1842 977 1873 inserted
994 1842 1040 1884 by
1057 1843 1135 1874 edd.

403 1928 519 1959 aThis
542 1925 721 1958 definition
745 1924 785 1956 of
804 1926 915 1956 moral
932 1926 1043 1957 virtue
1066 1926 1138 1957 and
1155 1927 1212 1957 the
1229 1925 1387 1957 doctrine
1409 1926 1524 1957 above

362 1972 400 2003 of
413 1972 457 2003 its
475 1969 686 2011 superiority
702 1972 739 1999 to
757 1968 971 1999 intellectual
989 1970 1187 2000 excellence
1203 1968 1276 2009 (the
1294 1972 1399 2000 exact
1415 1980 1525 2010 oppo-

360 2016 427 2047 site
444 2013 484 2046 of
495 2012 695 2044 Aristotle’s
711 2011 816 2050 view)
829 2021 891 2042 are
908 2011 1004 2042 Stoie
1021 2016 1137 2043 tenets
1153 2011 1280 2043 foisted
1296 2023 1340 2044 on
1353 2013 1413 2044 the
1431 2012 1523 2043 Peri-

358 2057 511 2100 patetics
528 2056 574 2097 by
590 2055 796 2087 Antiochus.

461 2106 539 2144 436
