1574 2364
623 138 818 176 CICERO
851 138 924 175 DE
954 138 1173 176 FINIBUS

316 225 448 257 nostra
469 223 610 265 sponte
631 231 867 255 moveamur.
910 218 1043 263 Atque
1065 223 1110 254 ut
1125 231 1146 253 a
1163 231 1323 264 corpore
1341 218 1481 263 ordiar,

316 286 477 322 videsne
506 290 551 321 ut
580 287 731 330 siquae
759 287 800 320 in
827 284 1013 321 membris
1040 297 1158 329 prava
1185 289 1254 321 aut
1274 284 1481 321 debilitata

316 357 383 388 aut
405 354 613 388 imminuta
634 354 713 387 sint
733 350 937 387 occultent
958 350 1165 387 homines?
1188 356 1232 387 ut
1253 354 1373 388 etiam
1389 365 1479 387 con-

316 419 485 455 tendant
509 423 549 454 et
577 417 796 461 elaborent,
819 420 849 453 si
875 418 1028 454 efficere
1056 420 1220 463 possint,
1242 422 1286 454 ut
1312 422 1381 454 aut
1401 431 1480 454 non

317 489 505 531 appareat
537 487 707 530 corporis
746 486 885 519 vitium
918 488 988 519 aut
1021 497 1139 529 quam
1172 486 1379 520 minimum
1413 497 1480 529 ap-

317 556 465 597 pareat,
500 551 725 596 multosque
766 553 886 586 etiam
918 550 1072 587 dolores
1114 553 1326 587 curationis
1367 564 1480 587 causa

316 618 519 664 perferant
538 622 595 662 ut,
613 620 643 654 si
664 620 746 663 ipse
767 630 858 653 usus
878 617 1143 654 membrorum
1163 631 1243 654 non
1262 617 1380 654 modo
1399 631 1479 654 non

316 688 438 721 maior
459 698 594 721 verum
615 687 735 721 etiam
759 686 887 720 minor
914 683 1069 721 futurus
1096 687 1160 729 sit,
1182 697 1317 721 eorum
1343 689 1477 721 tamen

316 755 466 797 species
487 751 535 788 ad
556 756 737 787 naturam
757 751 1006 787 revertatur?
1056 751 1216 788 Etenim
1237 764 1326 788 cum
1342 764 1478 788 omnes

315 824 455 855 natura
477 823 580 855 totos
602 831 642 854 se
671 817 917 863 expetendos
945 823 1102 864 putent,
1124 832 1197 855 nec
1225 818 1265 855 id
1293 819 1342 854 ob
1362 818 1477 854 aliam

315 899 397 922 rem
418 885 487 922 sed
509 890 671 931 propter
691 887 807 930 ipsos,
829 898 991 921 necesse
1013 890 1074 921 est
1095 888 1178 922 eius
1204 888 1324 922 etiam
1346 889 1476 930 partes

314 957 475 998 propter
502 965 543 988 se
572 954 705 996 expeti
731 951 836 997 quod
863 954 1089 988 universum
1113 956 1274 998 propter
1294 965 1335 988 se
1357 965 1475 997 expe-

263 1020 280 1027 *
314 1021 430 1052 tatur.
474 1014 605 1060 Quid?
623 1017 662 1050 in
678 1020 789 1051 motu
810 1019 854 1051 et
873 1017 913 1050 in
935 1020 1040 1051 statu
1062 1018 1232 1060 corporis
1252 1014 1351 1051 nihil
1372 1018 1477 1051 inest

313 1077 418 1123 quod
451 1077 849 1113 animadvertendum
889 1090 974 1114 esse
1008 1080 1091 1123 ipsa
1121 1083 1261 1114 natura
1298 1077 1475 1114 iudicet?

313 1140 646 1186 quemadmodum
668 1143 753 1186 quis
766 1140 957 1185 ambulet,
975 1140 1124 1186 sedeat,
1141 1143 1208 1186 qui
1225 1141 1366 1177 ductus
1388 1143 1475 1185 oris,

317 1203 383 1249 qui
414 1199 546 1236 vultus
579 1203 618 1235 in
651 1213 806 1250 quoque
833 1203 897 1245 sit,
924 1200 1075 1237 nihilne
1105 1206 1166 1238 est
1194 1204 1235 1238 in
1264 1201 1323 1238 his
1353 1202 1469 1239 rebus

316 1264 421 1313 quod
453 1264 619 1313 dignum
649 1264 772 1301 libero
802 1270 871 1301 aut
899 1265 1108 1314 indignum
1139 1279 1223 1302 esse
1253 1266 1468 1303 ducamus?

313 1333 456 1368 Nonne
491 1330 581 1366 odio
615 1330 760 1365 multos
799 1330 940 1374 dignos
979 1335 1162 1375 putamus
1201 1333 1266 1375 qui
1306 1329 1474 1375 quodam

311 1399 421 1431 motu
451 1398 520 1430 aut
549 1398 653 1429 statu
683 1392 868 1428 videntur
894 1397 1058 1428 naturae
1087 1392 1218 1437 legem
1246 1397 1288 1429 et
1314 1392 1475 1428 modum

312 1456 626 1502 contempsisse?
685 1455 737 1491 Et
775 1458 960 1500 quoniam
998 1454 1096 1491 haec
1135 1455 1387 1492 deducuntur
1425 1454 1475 1491 de

311 1532 485 1565 corpore,
516 1518 610 1564 quid
640 1523 701 1555 est
730 1531 798 1554 cur
826 1531 906 1554 non
935 1523 1044 1555 recte
1074 1518 1327 1564 pulchritudo
1353 1521 1473 1554 etiam

310 1587 392 1629 ipsa
411 1586 573 1628 propter
593 1594 634 1617 se
651 1581 876 1626 expetenda
892 1580 1085 1617 ducatur?
1135 1581 1236 1617 Nam
1254 1584 1285 1618 si
1306 1583 1473 1627 pravita-

309 1652 392 1683 tem
408 1647 805 1689 imminutionemque
823 1647 992 1690 corporis
1008 1649 1171 1690 propter
1185 1657 1226 1681 se
1242 1644 1473 1689 fugiendam

310 1714 506 1755 putamus,
529 1721 596 1744 cur
622 1720 703 1744 non
730 1710 863 1751 etiam,
890 1720 934 1743 ac
962 1707 1127 1744 fortasse
1154 1710 1291 1753 magis,
1311 1712 1473 1753 propter

308 1786 348 1810 se
369 1772 517 1808 formae
538 1770 776 1816 dignitatem
792 1771 1029 1815 sequamur?
1069 1771 1121 1807 Et
1137 1773 1167 1807 si
1183 1770 1472 1816 turpitudinem

308 1836 481 1881 fugimus
501 1837 541 1871 in
564 1839 670 1871 statu
692 1838 734 1870 et
754 1838 865 1870 motu
886 1837 1070 1879 corporis,
1090 1834 1185 1879 quid
1206 1839 1267 1871 est
1293 1847 1361 1870 cur
1384 1834 1470 1880 pul-

306 1898 573 1936 chritudinem
612 1910 692 1945 non
733 1897 969 1942 sequamur?
1032 1897 1166 1943 Atque
1206 1900 1326 1934 etiam
1367 1897 1470 1933 vale-

305 1962 500 2006 tudinem,
546 1963 659 2004 vires,
706 1962 945 1996 vacuitatem
991 1959 1135 1996 doloris
1180 1973 1260 1996 non
1309 1964 1470 2006 propter

304 2024 521 2061 utilitatem
560 2023 685 2060 solum
725 2021 795 2059 sed
834 2025 955 2059 etiam
986 2025 1088 2067 ipsas
1126 2027 1288 2068 propter
1321 2035 1362 2059 se
1401 2035 1468 2059 ex·

413 2077 490 2114 446
