1574 2364
253 1469 296 1500 41

644 142 840 180 CICERO
873 143 947 180 DE
977 143 1196 182 FINIBUS

336 223 421 260 bit?
478 221 558 259 Sed
590 221 753 258 videsne
784 236 1028 260 accessuram
1061 227 1098 260 ei
1129 238 1261 261 curam
1293 230 1338 262 ut
1369 238 1505 263 sensus

337 298 494 332 quoque
522 298 611 322 suos
639 298 854 332 eorumque
882 300 1040 323 omnem
1067 291 1291 333 appetitum
1317 294 1358 326 et
1378 292 1409 326 si
1429 303 1505 335 qua

337 352 416 386 sint
435 349 622 385 adiuncta
643 351 680 385 ei
705 349 884 386 membra
909 351 1094 386 tueatur?
1144 351 1207 388 Sic
1234 351 1284 388 ad
1310 352 1377 388 illa
1404 366 1504 398 quae

336 425 493 458 semper
518 412 658 448 habuit
687 415 828 457 iunget
858 425 904 448 ea
935 426 1035 458 quae
1067 419 1205 459 postea
1235 408 1504 461 accesserint,l

336 489 410 512 nec
427 475 599 512 eundem
616 475 735 511 finem
753 475 917 512 habebit
933 489 1052 521 quem
1067 476 1195 513 cultor
1215 480 1298 514 eius
1318 477 1505 524 habebat,

337 539 405 575 sed
421 538 527 574 volet
541 538 758 575 secundum
774 551 859 574 eam
874 544 1055 575 naturam
1066 552 1166 584 quae
1176 545 1313 585 postea
1323 541 1506 578 eiadiun-

336 607 399 638 cta
421 594 521 638 erit2
542 604 683 638 vivere.
746 602 807 637 Ita
827 602 963 638 similis
991 605 1066 639 erit
1092 606 1127 639 ei
1156 603 1242 639 finis
1266 604 1358 639 boni
1384 609 1504 650 atque

335 670 453 702 antea
470 664 613 710 suerat,
626 677 756 710 neque
770 664 877 701 idem
890 669 1024 701 tamen
1038 678 1045 709 ;
1067 679 1146 701 non
1161 669 1265 702 enim
1281 669 1356 702 iam
1372 670 1503 713 stirpis

337 729 484 765 bonum
516 732 681 773 quaeret
713 727 782 764 sed
814 728 1003 764 animalis.
1065 728 1171 773 Quid
1199 732 1229 765 si
1258 743 1337 766 non
1367 743 1503 768 sensus

335 791 453 827 modo
474 794 509 827 ei
531 790 646 827 datus
668 793 718 826 sit
739 803 875 827 verum
896 794 1014 827 etiam
1037 795 1189 827 animus
1211 792 1403 829 hominis?
1424 806 1504 829 non

335 867 498 891 necesse
520 859 581 890 est
602 858 644 890 et
664 853 730 889 illa
752 856 917 899 pristina
939 867 1100 891 manere
1121 860 1166 891 ut
1187 855 1336 891 tuenda
1358 859 1437 893 sint
1462 862 1503 894 et

336 918 432 954 haec
459 917 586 953 multo
614 929 699 953 esse
727 920 874 953 cariora
903 930 1003 962 quae
1031 921 1280 963 accesserint,
1301 922 1501 965 animique

335 984 524 1026 optimam
546 993 742 1025 quamque
765 985 919 1025 partem
941 983 1192 1025 carissimam,
1214 984 1254 1017 in
1283 995 1407 1027 eaque
1436 996 1501 1019 ex-

334 1044 510 1090 pletione
531 1048 696 1079 naturae
724 1046 865 1079 summi
894 1044 986 1079 boni
1014 1043 1133 1080 finem
1161 1047 1390 1090 consistere,
1411 1059 1500 1083 cum

334 1108 453 1152 longe
485 1106 734 1152 multumque
762 1111 939 1151 praestet
966 1120 1079 1143 mens
1107 1112 1227 1152 atque
1255 1109 1379 1144 ratio?
1436 1109 1500 1147 Sic

335 1163 512 1207 exstitit3
548 1174 771 1206 extremum
807 1173 984 1206 omnium
1023 1170 1340 1215 appetendorum
1378 1177 1498 1217 atque

334 1229 498 1265 ductum
537 1241 559 1263 a
598 1230 722 1273 prima
762 1228 1109 1264 commendatione
1159 1234 1323 1265 naturae
1362 1231 1497 1267 multis

333 1287 519 1332 gradibus
546 1286 725 1322 ascendit
752 1291 797 1322 ut
823 1286 873 1322 ad
902 1299 1097 1323 summum
1126 1290 1365 1332 perveniret,
1393 1289 1497 1334 quod

334 1345 555 1383 cumulatur
569 1358 616 1381 ex
631 1347 863 1389 integritate
878 1348 1048 1390 corporis
1065 1350 1106 1382 et
1123 1358 1170 1382 ex
1187 1349 1332 1383 mentis
1346 1350 1498 1384 ratione

332 1404 518 1451 perfecta.

388 1463 472 1498 XV.
505 1453 637 1498 “Cum
658 1464 779 1506 igitur
800 1473 846 1497 ea
873 1464 922 1497 sit
944 1474 1059 1506 quam
1089 1465 1251 1507 exposui
1279 1462 1401 1499 forma
1429 1477 1496 1499 na-

333 1527 458 1566 turae,
488 1523 518 1557 si
550 1525 594 1557 ut
626 1522 739 1556 initio
770 1519 850 1555 dixi
882 1520 996 1555 simul
1028 1525 1148 1565 atque
1180 1525 1287 1557 ortus
1319 1527 1424 1558 esset
1455 1535 1496 1559 se

332 1583 497 1626 quisque
524 1583 781 1624 cognosceret
806 1577 1060 1623 iudicareque
1087 1584 1219 1624 posset
1245 1592 1345 1624 quae
1372 1583 1428 1616 vis
1456 1586 1497 1617 et

332 1641 454 1675 totius
475 1642 579 1674 esset
599 1642 762 1673 naturae
785 1642 825 1672 et
847 1639 1016 1682 partium
1033 1637 1288 1683 singularum,
1309 1641 1497 1675 continuo

332 1697 485 1734 videret
520 1695 614 1741 quid
653 1700 757 1731 esset
795 1695 868 1730 hoc
907 1695 1012 1740 quod
1047 1698 1281 1741 quaerimus,
1320 1699 1494 1733 omnium

332 1769 463 1792 rerum
497 1767 592 1800 quas
626 1757 849 1799 expetimus
884 1766 1079 1790 summum
1114 1759 1156 1790 et
1190 1754 1385 1799 ultimum,
1421 1768 1495 1791 nec

332 1815 411 1851 ulla
432 1817 472 1849 in
492 1826 534 1849 re
555 1825 718 1858 peccare
734 1816 878 1857 posset.
912 1812 1029 1848 Nunc
1049 1825 1141 1848 vero
1155 1826 1177 1848 a
1193 1815 1318 1858 primo
1334 1812 1494 1858 quidem

331 1872 564 1909 mirabiliter
610 1870 766 1907 occulta
813 1875 954 1906 natura
1001 1875 1063 1907 est
1101 1883 1175 1907 nec
1215 1874 1382 1916 perspici
1421 1884 1495 1907 nec

373 1953 383 1971 ¹
397 1952 603 1984 accesserint
619 1951 734 1985 MSS,
755 1950 852 1986 edd.;
879 1950 973 1980 Mdv.
995 1955 1168 1991 suggests
1185 1954 1410 1984 accesserunt.

373 1996 464 2026 2erit
481 1996 624 2030 Miillem
647 1994 696 2024 sit
712 1993 830 2029 MSS.;
854 1997 903 2024 est
920 1993 1014 2024 Mdv.
1049 2006 1055 2011 ·

374 2039 446 2069 ³sic
459 2039 581 2069 extitit
597 2037 710 2074 Mdv.;
732 2037 784 2068 sic
797 2039 839 2074 et,
858 2037 985 2078 sicque,
1002 2037 1115 2077 sitque
1134 2036 1234 2068 MSS.

437 2093 513 2125 438
