1574 2364
245 614 294 651 QG

633 156 829 193 CICERO
862 157 935 192 DE
966 157 1186 195 FINIBUS

324 237 603 283 complectitur
631 241 671 272 et
697 239 886 272 iustitiam
915 241 956 272 et
985 241 1030 272 ut
1057 239 1187 272 omnia
1214 250 1313 282 quae
1342 237 1491 273 homini

324 300 507 336 accidant
528 299 629 335 infra
646 312 686 335 se
709 312 793 335 esse
815 299 977 345 iudicet,
997 299 1103 344 quod
1119 300 1226 336 idem
1243 303 1384 337 ceteris
1400 303 1492 337 arti-

325 364 397 399 bus.
418 375 498 398 non
520 365 728 407 contingit.
788 361 943 399 Tenere
965 367 1099 399 autem
1119 365 1286 399 virtutes
1308 376 1372 400 eas
1391 367 1492 409 ipsas

325 439 489 470 quarum
528 425 646 461 modo
685 425 761 461 feci
800 428 1047 462 mentionem
1082 439 1199 462 nemo
1237 429 1385 472 poterit
1418 429 1492 463 nisi

325 491 510 525 statuerit
530 488 628 524 nihil
651 501 735 524 esse
752 488 856 533 quod
877 491 1035 524 intersit
1054 494 1123 525 aut
1142 488 1297 526 differat
1317 489 1422 526 aliud
1443 490 1492 525 ab

324 552 400 587 alio
421 556 578 597 praeter
599 551 766 587 honesta
787 557 827 587 et
848 554 988 596 turpia.

381 605 402 621 “
420 614 632 650 Videamus
653 627 758 650 nunc
775 627 891 659 quam
912 618 991 650 sint
1011 615 1210 660 praeclare
1232 615 1297 650 illa
1317 615 1376 651 his
1392 628 1491 660 quae

325 681 400 714 iam
429 680 540 723 posui
568 680 862 722 consequentia.
923 677 1020 713 Cum
1050 681 1155 713 enim
1186 677 1259 714 hoc
1286 681 1336 714 sit
1363 684 1492 715 extre·

325 754 434 777 nium
466 733 608 784 (sentis
640 743 760 785 enirn,
788 740 919 785 credo,
946 754 1010 777 me
1042 743 1118 776 iam
1150 741 1215 777 diu
1249 741 1354 786 quod
1384 741 1492 781 τέλος

327 804 467 839 Graeci
503 802 643 839 dicunt
672 802 712 839 id
748 802 880 839 dicere
907 808 993 839 tum
1025 808 1260 848 extremum,
1287 808 1373 839 tum
1401 804 1490 840 ulti-

324 879 445 910 mum,
459 871 543 901 tum
566 878 781 908 summum;
803 865 938 901 licebit
956 868 1075 901 etiam
1096 866 1214 901 finem
1231 879 1300 911 pro
1314 871 1492 903 extremo

323 934 390 965 aut
420 929 561 964 ultimo
591 920 890 971 dicere)—cum
920 931 1041 973 igitur
1072 928 1145 964 hoc
1173 931 1223 964 sit
1255 934 1490 974 extremum,

324 997 591 1037 congruenter
618 997 782 1028 naturae
804 995 1168 1037 convenienterque
1190 995 1334 1038 vivere,
1354 1006 1490 1030 neces-

323 1058 421 1091 sario
443 1057 620 1100 sequitur
636 1068 772 1091 omnes
793 1058 992 1100 sapientes
1013 1068 1169 1100 semper
1186 1055 1490 1101 feliciter‚abso-

324 1119 419 1162 lute,
442 1118 644 1154 fortunate
666 1121 810 1162 vivere,
832 1118 940 1153 nulla
960 1131 1002 1154 re
1024 1118 1219 1163 impediri,
1237 1119 1344 1154 nulla
1360 1119 1490 1164 prohi-

322 1182 419 1225 beri,
440 1181 548 1216 nulla
569 1193 698 1225 egere.
760 1180 877 1226 Quod
904 1186 1038 1217 autem
1060 1184 1240 1217 continet
1267 1195 1345 1217 non
1366 1185 1489 1227 magis

322 1258 409 1281 eam
430 1244 677 1289 disciplinam
695 1244 744 1279 de
762 1257 838 1288 qua
859 1244 997 1289 loquor
1017 1257 1134 1289 quam
1155 1247 1274 1280 vitam
1296 1244 1488 1281 fortunas-

322 1320 398 1352 que
425 1312 591 1351 nostras,
616 1306 656 1342 id
685 1311 745 1342 est
773 1312 817 1342 ut
844 1307 949 1351 quod
977 1306 1189 1343 honestum
1220 1310 1270 1343 sit
1294 1307 1334 1343 id
1365 1308 1488 1344 solun]

322 1370 468 1405 bonum
489 1369 720 1413 iudicemus,
742 1374 875 1414 potest
900 1369 938 1405 id
969 1369 1130 1414 quidem
1159 1369 1244 1406 fuse
1265 1375 1307 1406 et
1335 1373 1488 1416 copiose

322 1438 362 1469 et
394 1433 575 1468 omnibus
610 1432 855 1468 electissimis
887 1432 1015 1468 verbis
1053 1435 1369 1478 gravissimisque
1400 1446 1487 1470 sen—

321 1498 458 1532 tentiis
474 1488 694 1530 rhetorice¹
714 1500 755 1530 et
775 1498 910 1539 augeri
932 1500 972 1531 et
993 1499 1141 1539 ornari;
1162 1496 1231 1531 sed
1248 1499 1487 1532 consectaria

320 1570 384 1594 me
406 1557 625 1594 Stoicorum
648 1557 779 1593 brevia
801 1562 842 1593 ct
862 1563 977 1593 acuta
997 1558 1211 1594 delectant.

377 1619 488 1655 VIII.
522 1610 546 1626 “
561 1619 861 1656 Concluduntur
905 1623 1027 1664 igitur
1074 1633 1208 1657 eorum
1252 1627 1487 1666 argumenta

323 1685 395 1718 sic:
438 1681 555 1727 Quod
590 1687 651 1718 est
690 1683 851 1727 bonum,
887 1696 1003 1719 omne
1039 1683 1236 1720 laudabile
1269 1689 1350 1728 est;
1381 1685 1484 1729 quod

320 1751 453 1781 autem
485 1744 682 1781 laudabile
715 1750 787 1790 est,
822 1759 938 1782 omne
971 1751 1031 1782 est
1063 1746 1300 1791 honestu1n3
1339 1747 1484 1783 bonum

322 1810 442 1852 igitur
461 1806 565 1851 quod
587 1812 662 1852 est,
681 1807 894 1843 honestum
916 1813 986 1844 est.
1048 1809 1203 1846 Satisne
1232 1809 1306 1845 hoc
1327 1809 1484 1846 conclu-

322 1882 405 1906 sum
427 1868 611 1905 videtur?
668 1869 810 1913 Certe;
840 1871 945 1915 quod
976 1874 1081 1907 enim
1110 1872 1351 1908 efficiebatur
1370 1884 1419 1909 ex
1440 1875 1484 1908 iis

319 1931 473 1969 duobus
499 1944 598 1976 quae
619 1937 732 1968 erant
759 1938 928 1978 sumpta,
950 1936 989 1969 in
1012 1947 1058 1970 eo
1080 1935 1187 1970 vides
1216 1948 1300 1971 esse
1327 1935 1487 1971 conclu-

437 2043 446 2061 ¹
459 2043 620 2075 rhetorice
636 2054 732 2075 some
751 2044 809 2075 inf.
832 2045 933 2075 MSS.
953 2046 1025 2075 and
1041 2056 1137 2076 some
1155 2046 1233 2077 edd.
1254 2048 1350 2078 omit.

427 2098 505 2130 244-
