1615 2359
629 106 826 144 CICERO
856 106 931 143 DE
962 106 1182 146 FINIBUS

316 188 411 226 dere
420 187 567 224 malum
576 186 688 224 nobis
698 189 914 233 opinemur.
928 186 1046 233 Quod
1053 187 1161 225 idem
1168 187 1265 226 licet
1273 188 1486 227 transferre

316 254 358 288 in
373 250 632 296 voluptatem,
646 255 691 287 ut
712 263 759 287 ea
773 252 896 287 maior
911 253 962 287 sit
981 253 1013 287 si
1032 250 1132 288 nihil
1151 251 1231 288 tale
1251 256 1485 289 metuamus.

238 313 288 352 56
319 314 403 352 Iam
431 313 529 350 illud
559 313 721 359 quidem
750 316 1001 359 perspicuum
1028 318 1102 359 est,
1129 317 1341 351 maximam
1369 317 1490 352 animi

315 382 385 414 aut
400 376 646 422 voluptatem
659 381 728 413 aut
742 376 965 413 molestiam
980 375 1068 422 plus
1085 381 1153 414 aut
1172 376 1223 414 acl
1242 377 1401 414 beatam
1421 381 1490 414 aut

317 440 367 478 ad
406 442 588 476 miseram
627 441 749 476 vitam
787 439 926 476 afferre
964 443 1158 476 momenti
1196 453 1314 485 quam
1352 453 1487 478 eorum

317 506 508 540 utrumvis
540 505 571 539 si
601 514 727 547 aeque
759 501 826 538 diu
856 504 908 539 sit
940 504 982 538 in
1006 515 1178 548 corpore.
1230 502 1321 539 Non
1354 503 1486 549 placet

316 570 450 602 autem
471 564 650 601 detracta
664 564 869 610 voluptate
885 564 1177 609 aegritudinem
1194 568 1329 602 statim
1349 578 1485 603 conse-

316 630 395 674 qui,
416 630 490 664 nisi
517 630 558 664 in
579 627 792 673 voluptatis
819 627 948 664 locum
975 627 1086 664 dolor
1106 627 1208 665 forte
1233 631 1486 674 successerit3

316 697 357 728 at
401 696 537 727 contra
579 690 753 735 gaudere
796 696 953 728 nosmet
1001 691 1233 728 omittendis
1273 691 1487 739 doloribus,

318 758 471 792 etiamsi
492 754 671 800 voluptas
693 767 739 791 ea
763 767 861 799 quae
891 767 1050 791 sensum
1077 760 1235 792 moveat
1265 755 1374 792 nulla
1402 768 1487 792 suc-

319 820 500 861 cesserit3
531 830 656 863 eoque
686 816 867 862 intellegi
898 822 1032 863 potest
1061 823 1209 863 quanta
1228 818 1409 865 voluptas
1439 822 1490 856 sit

240 885 286 922 57
318 895 398 919 non
419 881 564 918 dolere.
610 880 689 918 Sed
709 885 754 917 ut
774 883 820 917 iis
841 881 953 917 bonis
974 883 1162 926 erigimur
1182 895 1282 927 quae
1303 887 1488 928 expecta-

318 958 416 990 mus,
438 947 491 981 sic
511 944 705 980 laetamur
724 946 771 980 iis
790 956 890 989 quae
909 943 1170 981 recordamur.
1212 944 1334 982 Stulti
1353 950 1488 982 autem

318 1007 510 1044 malorum
530 1009 719 1043 memoria
738 1011 996 1052 torquentur3
1025 1009 1225 1052 sapientes
1252 1008 1353 1043 bona
1374 1020 1486 1053 prae-

320 1073 439 1107 terita
471 1075 584 1115 grata
617 1069 891 1106 recordatione
921 1075 1109 1106 renovata
1138 1069 1353 1107 delectant.
1413 1070 1486 1108 Est

319 1139 453 1170 autem
481 1136 599 1169 situm
621 1136 661 1168 in
688 1133 799 1169 nobis
826 1137 871 1169 ut
898 1137 940 1169 et
968 1132 1130 1170 adversa
1160 1136 1270 1178 quasi
1295 1139 1488 1180 perpetua

321 1196 517 1233 oblivione
544 1196 753 1232 obruamus
781 1200 823 1232 et
847 1195 1020 1232 secunda
1046 1196 1217 1233 iucunde
1244 1209 1288 1233 ac
1320 1200 1491 1234 suaviter

321 1262 627 1297 meminerimus.
690 1259 769 1296 Sed
799 1272 887 1296 cum
909 1272 955 1295 ea
975 1272 1075 1304 quae
1096 1262 1387 1305 praeterierunt
1413 1264 1491 1297 acri

321 1325 451 1359 animo
472 1328 513 1359 et
539 1327 697 1358 attento
718 1325 932 1367 intuemur,
952 1326 1038 1358 tum
1059 1321 1103 1359 fit
1126 1327 1172 1358 ut
1198 1322 1406 1369 aegritudo
1433 1335 1491 1360 se-

323 1391 465 1432 quatur
486 1388 517 1422 si
537 1385 604 1422 illa
625 1385 729 1421 mala
749 1387 840 1430 sint,
866 1388 898 1422 si
918 1385 1033 1430 bona,
1054 1385 1216 1423 laetitia.

376 1449 527 1486 XVIII.
552 1439 576 1456 “
587 1449 622 1486 O
636 1448 876 1494 praeclaram
892 1449 1009 1485 beate
1026 1449 1184 1485 vivendi
1200 1454 1242 1486 et
1256 1454 1434 1495 apertam
1451 1455 1492 1487 et

324 1513 543 1558 simplicem
564 1516 606 1549 et
633 1511 826 1548 directam
845 1512 966 1548 viam!
1017 1512 1115 1549 Cum
1136 1515 1242 1549 enirn
1262 1517 1370 1549 certe
1391 1513 1488 1549 nihil

321 1576 471 1612 homini
491 1578 614 1621 possit
629 1574 769 1612 melius
786 1587 870 1612 esse
887 1587 1004 1620 quam
1020 1588 1156 1612 vacare
1173 1577 1279 1612 omni
1299 1575 1432 1613 dolore
1450 1581 1492 1613 et

322 1638 503 1675 molestia
541 1637 769 1684 perfruique
801 1640 980 1674 maximis
1015 1642 1058 1675 et
1094 1640 1215 1675 animi
1247 1643 1289 1676 et
1322 1642 1492 1685 corporis

324 1701 606 1746 voluptatibus,
635 1700 831 1737 videtisne
866 1713 984 1746 quam
1018 1700 1118 1737 nihil
1151 1704 1492 1747 praetermittatur

323 1763 428 1809 quod
449 1765 569 1799 vitam
589 1762 763 1808 adiuvet,
785 1775 862 1808 quo
883 1762 1034 1799 facilius
1054 1763 1096 1800 id
1116 1763 1222 1809 quod
1248 1766 1491 1810 propositum

322 1827 383 1859 est
403 1833 599 1858 summum
619 1821 766 1857 bonum
783 1822 1091 1866 consequamur?
1121 1822 1274 1859 Clamat
1286 1822 1490 1870 Epicurus,

321 1882 353 1917 is
373 1892 491 1925 quem
511 1891 577 1916 vos
597 1881 713 1916 nimis
732 1879 1000 1925 voluptatibus
1027 1892 1112 1917 esse
1139 1879 1320 1918 deditum
1347 1880 1490 1926 dicitis,

320 1951 399 1975 non
419 1950 533 1983 posse
551 1937 723 1974 iucunde
744 1939 820 1974 vivi
846 1940 921 1974 nisi
941 1940 1152 1984 sapienter,
1173 1938 1340 1976 honeste
1366 1942 1488 1976 iuste-

320 2009 396 2042 que
408 1999 574 2032 vivatur-
587 2008 660 2031 nec
673 1997 885 2041 sapienter,
900 1995 1082 2042 honeste,
1094 1998 1196 2035 iuste
1212 2000 1287 2034 nisi
1301 1997 1483 2038 iucunda.

429 2049 479 2088 60
