1574 2364
633 157 829 195 CICERO
861 156 935 193 DE
966 157 1186 195 FINIBUS

323 238 445 277 velles
466 238 516 275 ad
536 251 703 283 eamque
724 237 916 274 tuendam
938 251 1027 274 cum
1044 251 1196 275 summa
1212 243 1280 275 tua
1296 238 1493 283 dignitate

323 305 493 338 maxime
510 315 531 337 a
547 301 659 337 nobis
673 303 803 337 ornari
818 306 939 346 atque
956 303 1097 338 instrui
1112 314 1257 347 posses.
1314 294 1364 337 Al
1382 302 1495 338 nobis

323 367 430 401 enim
457 367 531 400 ista
558 366 749 409 quaesita,
771 377 792 399 a
824 364 936 400 nobis
964 363 1176 410 descripta,
1204 369 1354 408 notata,
1383 377 1494 410 prae—

323 432 439 473 cepta
465 431 572 471 sunt,
593 429 847 471 omniumque
876 439 1007 462 rerum
1034 427 1279 472 publicarum
1307 429 1493 463 rectionis

321 503 483 535 genera,
505 494 644 533 status,
657 491 913 533 mutationes,
929 489 1040 533 leges
1056 492 1176 525 etiam
1193 494 1235 525 et
1249 492 1433 526 instituta
1447 503 1492 526 ac

323 566 451 589 mores
482 555 688 589 civitatum
722 554 1031 597 perscripsimus.
1092 552 1355 597 Eloquentiae
1385 566 1490 597 vero,

322 629 422 661 quae
455 620 497 651 et
529 615 771 660 principibus
798 617 969 651 maximo
996 620 1230 651 ornamento
1258 620 1319 652 est
1346 621 1388 652 et
1415 628 1491 660 qua

322 683 362 715 te
383 678 564 715 audimus
580 677 710 714 valere
732 677 958 723 plurimum,
976 683 1169 723 quantum
1189 678 1263 714 tibi
1284 691 1332 714 ex
1352 691 1490 714 monu-

320 744 467 778 mentis
488 743 631 777 nostris
652 741 870 777 addidisses
887 741 892 776 !
908 741 917 752 '
978 741 1034 777 Ea
1058 754 1147 777 cum
1169 741 1375 785 dixissent,
1395 741 1489 786 quid

321 805 484 841 tandem
506 804 650 840 talibus
671 807 761 840 viris
781 804 1042 849 responderes
1057 804 1070 839 ?
1085 804 1106 816 ”
1157 795 1182 810 “
1199 804 1391 849 Rogarem
1408 804 1488 849 te,’'

321 870 464 913 inquit,
485 859 563 904 “ut
583 867 735 904 diceres
752 880 821 912 pro
838 880 900 903 me
918 872 960 903 tu
978 867 1084 903 idem
1098 869 1164 912 quj
1180 867 1256 903 illis
1272 870 1490 904 orationem

321 931 562 975 dictavisses,
590 930 651 967 vel
686 933 815 976 potius
847 930 1008 975 paulum
1040 930 1115 967 loci
1146 930 1243 966 mihi
1279 935 1323 967 ut
1353 933 1398 967 iis
1430 943 1490 967 re-

321 993 558 1040 sponderem
580 993 707 1038 dares,
729 995 802 1030 nisi
824 998 866 1029 et
893 998 935 1029 te
963 993 1098 1029 audire
1127 1006 1232 1038 nunc
1260 993 1420 1029 mallem
1448 998 1490 1030 et

321 1059 406 1093 istis
444 1062 580 1093 tamen
614 1056 689 1092 alio
724 1061 905 1101 tempore
940 1069 1197 1101 responsurus
1232 1069 1370 1101 essem,
1403 1061 1488 1093 tum

321 1119 473 1156 scilicet
493 1132 582 1155 cum
602 1119 714 1155 tibi.’'

376 1182 529 1218 XXIII.
565 1173 588 1189 “
602 1182 738 1227 Atque
759 1185 790 1218 si
811 1195 948 1218 verum
968 1182 1209 1227 respondere
1230 1182 1365 1228 velles,
1380 1182 1490 1228 Cato,

322 1244 419 1281 haec
441 1250 554 1281 erant
574 1245 756 1289 dicenda,
774 1258 854 1280 non
876 1258 941 1281 eos
963 1245 1034 1280 tibi
1052 1258 1131 1281 non
1152 1245 1349 1290 probatos,
1367 1247 1488 1281 tantis

319 1310 490 1352 ingeniis
509 1307 689 1344 homines
710 1312 902 1352 tantaque
920 1310 1180 1352 auctoritate,
1201 1307 1271 1344 sed
1298 1313 1338 1344 te
1363 1310 1487 1343 anim-

321 1371 538 1407 advertisse
559 1383 654 1416 quas
681 1383 743 1407 res
770 1370 828 1406 illi
855 1376 1018 1416 propter
1044 1373 1326 1415 antiquitatem
1350 1384 1486 1416 parum

322 1434 525 1478 vidissent,
540 1447 605 1470 eas
625 1447 647 1469 a
668 1434 809 1470 Stoicis
830 1446 916 1470 esse
937 1438 1177 1479 perspectas,
1192 1434 1421 1479 eisdemque
1438 1434 1487 1470 de

322 1497 437 1533 rebus
449 1496 520 1533 hos
534 1510 623 1532 cum
636 1499 788 1537 acutius
802 1496 1044 1541 disseruisse,
1054 1501 1140 1532 tum
1153 1499 1320 1533 sensisse
1333 1499 1487 1541 gravius

321 1565 363 1600 et
392 1559 545 1604 fortius,
566 1562 712 1604 quippe
744 1561 810 1604 qui
839 1561 1011 1604 primum
1041 1558 1312 1595 valetudinem
1343 1559 1485 1595 bonam

321 1622 589 1668 expetendam
610 1627 763 1667 negent
784 1635 883 1667 esse,
898 1621 1124 1667 eligendam
1140 1621 1287 1666 dicant,
1301 1635 1375 1658 nec
1396 1625 1486 1667 quia

319 1685 466 1722 bonum
483 1688 534 1722 sit
550 1685 679 1721 valere
696 1685 766 1722 sed
787 1687 878 1730 quia
898 1688 949 1721 sit
968 1684 1175 1721 nonnihilo
1196 1685 1484 1721 aestimandum

318 1739 467 1793 (neque
487 1753 623 1784 tamen
644 1748 765 1793 pluris
787 1748 863 1784 illis
884 1748 1054 1793 videtur,
1071 1750 1138 1792 qui
1154 1747 1252 1784 illud
1272 1760 1352 1783 non
1373 1747 1485 1784 dubi-

317 1815 406 1847 tant
426 1811 575 1847 bonum
594 1803 773 1854 dicere3)
800 1810 875 1847 hoc
896 1823 989 1847 vero
1009 1815 1050 1847 te
1072 1810 1175 1847 ferre
1196 1823 1276 1846 non
1297 1813 1485 1855 potuisse,

316 1873 421 1919 quod
455 1876 607 1918 antiqui
642 1873 698 1909 illi
730 1876 839 1918 quasi
872 1873 1023 1909 barbati
1056 1864 1120 1917 (ut
1153 1886 1223 1909 nos
1257 1873 1307 1910 de
1339 1876 1482 1910 nostris

574 1940 622 1970 ¹A
642 1940 796 1970 inserted
813 1939 860 1980 by
879 1939 1082 1978 Lambinus,
1104 1939 1198 1970 Mdv.

361 2012 465 2042 aThe
490 2013 587 2052 early
614 2011 772 2048 Romans
797 2021 889 2041 wore
914 2010 1056 2049 beards,
1084 2012 1245 2041 whereas
1269 2010 1323 2041 for
1347 2011 1483 2041 several

317 2055 546 2096 generations
563 2054 683 2085 before
701 2054 826 2086 Cicero
844 2054 869 2084 it
886 2054 957 2085 had
974 2054 1064 2085 been
1081 2055 1182 2084 usual
1201 2059 1236 2085 to
1253 2055 1373 2085 sh‘ave.

413 2104 489 2142 368

1559 1921 1569 1966 2<-
1568 1905 1570 1911 v
