1574 2364
269 226 293 262 9

251 867 296 898 10

619 136 814 174 CICERO
846 136 919 172 DE
949 136 1167 174 FINIBUS

323 221 522 258 conclusio
544 217 638 256 est.l
676 219 836 264 Quanta
856 224 990 255 autem
1017 220 1066 255 ab
1086 220 1162 256 illis
1183 223 1350 256 varietas
1369 233 1483 264 argu-

322 285 547 316 mentorum
586 281 738 314 ratione
778 278 1103 314 concludentium
1142 291 1356 323 eorumque
1395 292 1484 315 cum

322 340 505 383 captiosis
522 336 901 380 interrogationibus
917 336 1215 373 dissimilitudo!
1256 337 1363 382 Quid
1379 337 1484 382 quod

323 397 499 442 pluribus
530 395 624 431 locis
657 397 765 439 quasi
798 394 1039 430 denuntiant
1070 400 1114 430 ut
1141 408 1270 440 neque
1302 408 1485 432 sensuum

323 454 442 490 fidem
461 456 545 490 sine
567 456 720 489 ratione
741 466 815 489 nec
842 456 1004 489 rationis
1032 456 1115 490 sine
1144 454 1322 490 sensibus
1350 457 1486 499 exqui-

323 525 452 548 ramus
473 517 592 556 atque
618 516 661 547 ut
691 524 825 547 eorum
849 511 1019 547 alterum
1045 512 1094 547 ab
1121 512 1246 548 altero
1272 509 1341 549 ne2
1374 525 1484 557 sepa-

324 571 478 607 remus?
536 570 668 614 Quid?
708 583 754 605 ea
781 583 880 614 quae
908 570 1105 606 dialectici
1133 584 1238 606 nunc
1258 571 1422 607 tradunt
1443 576 1484 608 et

324 629 483 672 docent,
504 641 637 664 nonne
665 628 714 663 ab
741 628 817 663 illis
845 631 1028 664 instituta
1055 627 1198 664 sunt?3
1253 629 1314 665 De
1342 630 1483 674 quibus

325 690 399 723 etsi
428 699 450 721 a
480 686 698 731 Chrysippo
727 689 896 722 maxime
926 691 987 722 est
1016 687 1272 731 elaboratum,
1299 692 1434 723 tamen
1464 701 1485 723 a

326 746 483 781 Zenone
500 747 628 780 minus
645 744 770 780 multo
787 758 903 789 quam
922 745 972 781 ab
987 748 1178 790 antiquis3
1199 746 1247 781 ab
1263 745 1336 782 hoc
1352 753 1484 782 autem

326 803 519 849 quaedam
540 816 618 838 non
640 802 779 838 melius
800 816 917 847 quam
934 808 1101 847 veteres,
1118 804 1310 848 quaedam
1327 808 1486 841 omnino

326 861 473 898 relicta.
533 861 710 905 Cumque
741 861 841 897 duae
877 864 956 897 sint
989 866 1093 897 artes
1128 863 1268 906 quibus
1308 863 1485 907 perfecte

326 922 424 955 ratio
456 924 498 955 et
530 922 654 954 oratio
688 919 945 964 compleatur,
978 933 1055 955 una
1089 921 1329 965 inveniendi,
1361 921 1485 957 altera

326 977 558 1021 disserendi,
575 977 675 1013 hane
691 980 948 1022 posteriorem
962 983 1003 1014 et
1019 979 1139 1014 Stoici
1156 984 1197 1014 et
1219 979 1483 1025 Peripatetici,

326 1039 494 1082 priorem
515 1041 649 1071 autem
668 1036 725 1071 illi
746 1039 906 1080 egregie
923 1036 1185 1081 tradiderunt,
1200 1037 1240 1073 hi
1256 1041 1415 1074 omnino
1431 1052 1481 1075 ne

326 1097 546 1138 attigerunt
567 1094 738 1138 quidem.
800 1095 899 1130 Nam
929 1108 949 1131 e
977 1096 1116 1140 quibus
1143 1096 1236 1132 locis
1261 1099 1369 1141 quasi
1394 1097 1481 1132 the-

326 1156 446 1189 sauris
465 1157 699 1196 argumenta
720 1153 1060 1198 depromerentur,
1082 1157 1200 1190 vestri
1221 1167 1271 1190 ne
1298 1158 1482 1200 suspicati

326 1211 486 1255 quidem
507 1215 613 1255 sunt,
633 1214 852 1255 superiores
872 1217 1005 1247 autem
1032 1212 1196 1248 artificio
1223 1217 1264 1248 et
1284 1216 1344 1248 via
1364 1214 1484 1249 tradi-

326 1270 481 1305 derunt.
542 1268 653 1312 Quae
687 1269 847 1313 quidem
880 1267 965 1306 ars4
998 1270 1114 1306 efficit
1153 1284 1203 1307 ne
1237 1284 1398 1308 necesse
1437 1275 1487 1308 sit

327 1327 466 1363 iisdem
480 1326 529 1362 de
543 1327 659 1362 rebus
673 1340 829 1372 semper
845 1331 953 1372 quasi
969 1328 1117 1363 dictata
1133 1329 1344 1365 decantare
1358 1343 1486 1375 neque

325 1399 346 1420 a
367 1384 699 1420 commentariolis
721 1388 799 1420 suis
819 1385 1032 1421 discedere.
1094 1387 1194 1422 Nam
1216 1390 1282 1432 qui
1303 1391 1401 1424 sciet
1423 1389 1487 1425 ubi

325 1443 499 1488 quidque
530 1445 702 1487 positum
733 1446 783 1479 sit
813 1456 966 1488 quaque
1002 1457 1048 1480 eo
1083 1447 1228 1489 veniat,
1258 1448 1302 1489 is,
1333 1449 1485 1483 etiamsi

326 1501 420 1546 quid
441 1501 626 1536 obrutum
648 1504 735 1545 erit,
756 1505 903 1546 poterit
923 1515 1060 1538 eruere
1085 1515 1318 1548 semperque
1340 1517 1424 1540 esse
1445 1508 1484 1541 in

325 1558 563 1604 disputando
578 1572 680 1595 suus.
730 1559 846 1604 Quod
864 1563 937 1596 etsi
957 1563 1126 1604 ingeniis
1147 1564 1298 1605 magnis
1318 1563 1485 1606 praediti

324 1617 483 1662 quidam
497 1616 656 1653 dicendi
670 1620 821 1662 copiam
838 1621 921 1654 sine
938 1621 1089 1655 ratione
1104 1625 1409 1665 consequuntur,
1426 1634 1485 1657 ars

370 1698 382 1717 ¹
399 1698 527 1730 exhibet
543 1709 583 1730 or
598 1698 708 1738 effecit
723 1697 737 1730 Ρ
757 1699 859 1730 Reid.

370 1741 382 1760 ²
400 1751 439 1772 ne
455 1742 619 1782 supplied
637 1743 685 1782 by
702 1742 909 1777 Lambinus,
929 1743 1027 1774 Mdv.

371 1783 384 1802 ³
402 1784 504 1815 After
514 1784 673 1815 instituta
684 1788 763 1816 sunt
774 1785 819 1815 all
835 1786 899 1816 but
911 1795 978 1816 one
991 1785 1136 1817 inferior
1148 1786 1246 1818 MSS.
1257 1787 1329 1819 add
1340 1787 1477 1819 inventa

326 1831 407 1857 sunt
419 1836 430 1858 .·
453 1827 551 1857 Mdv.
569 1827 746 1858 brackets

372 1870 384 1888 ⁴
401 1879 456 1900 ars
474 1869 592 1901 Mdv.:
617 1879 688 1900 om.
707 1870 748 1905 A,
767 1870 871 1900 other
887 1871 986 1902 MSS.
1003 1880 1066 1902 res.

373 1966 389 1983 ὃ

365 2002 383 2027 b
400 1961 606 2041 ‘qss'vssiitsgss
627 2003 760 2045 Topike,
778 2004 959 2044 arranged
975 2006 1075 2036 stock
1092 2011 1301 2046 arguments
1319 2008 1351 2038 in
1371 2010 1378 2024 ‘
1393 2009 1483 2048 loci,⁸

327 2047 423 2087 (osmi,
454 2047 700 2086 pigeon-holes
716 2056 756 2077 as
774 2046 799 2076 it
816 2057 907 2077 were
924 2048 963 2077 of
976 2049 1032 2079 the
1050 2059 1219 2089 memory:
1237 2050 1303 2090 Cp.
1323 2050 1364 2088 V,
1385 2062 1413 2083 2.

431 2101 508 2131 310
