1574 2364
209 283 257 316 33

207 1550 256 1582 34

601 133 796 170 CICERO
828 132 902 169 DE
933 132 1154 171 FINIBUS

288 227 588 262 pennarumque
616 218 808 250 contextu
833 215 985 259 corpori
1011 217 1249 258 tegumenta
1275 212 1457 250 faciebat.

292 280 353 316 De
375 279 581 315 hominum
609 289 758 322 genere
786 281 855 313 aut
882 279 1043 313 omnino
1070 276 1120 313 de
1148 276 1378 313 animalium
1404 276 1460 313 lo-

289 355 400 388 quor,
421 355 511 378 cum
532 341 714 377 arborum
736 345 778 376 ct
799 342 982 385 stirpium
1004 340 1143 377 eadem
1168 353 1295 386 paene
1320 345 1460 376 natura

288 406 367 443 sit?
416 406 506 441 Sive
528 407 648 449 enim,
669 409 714 440 ut
734 404 970 440 doctissimis
993 406 1081 440 viris
1102 407 1227 440 visum
1245 409 1318 448 est,
1338 406 1461 440 maior

288 469 418 514 aliqua
439 481 555 504 causa
581 473 701 512 atque
730 467 899 503 divinior
926 466 1028 503 hanc
1057 470 1134 503 vim
1162 470 1358 512 ingenuit,
1379 469 1460 503 sive

291 532 362 568 hoc
394 534 451 568 ita
482 531 526 568 fit
557 530 734 575 fortuito,
767 529 946 566 videmus
978 542 1024 566 ea
1058 543 1158 575 quae
1192 535 1298 567 terra
1330 532 1461 575 gignit

290 595 500 631 corticibus
522 599 563 631 et
584 593 780 631 radicibus
801 593 930 629 valida
957 596 1114 638 servari,
1136 593 1241 638 quod
1262 596 1459 637 contingit

289 658 523 696 animalibus
554 669 741 693 sensuum
771 655 1051 692 distributione
1083 662 1124 693 et
1154 656 1322 701 quadam
1354 669 1457 692 com—

288 724 471 768 pactione
488 720 766 757 membrorum.
816 719 904 765 Qua
920 718 1081 764 quidem
1097 719 1147 756 de
1163 732 1204 756 re
1222 732 1457 764 quamquam

287 788 479 822 assentior
492 788 537 820 iis
551 786 616 829 qui
631 783 728 820 haec
743 786 873 819 omnia
886 785 971 827 regi
986 788 1126 819 natura
1141 788 1298 829 putant,
1312 796 1412 828 quae
1426 786 1457 819 si

289 854 427 885 natura
448 847 650 892 neglegat,
666 849 748 892 ipsa
765 858 849 882 esse
866 858 946 881 non
962 837 1113 891 possit‚¹
1132 850 1268 882 tamen
1284 845 1459 882 concedo

289 917 331 948 nt
345 914 411 957 qui
425 911 475 948 de
488 911 562 947 hoc
577 910 819 947 dissentiunt
835 912 1066 946 existiment
1081 909 1186 955 quod
1203 909 1328 946 velint
1343 923 1387 946 ac
1397 909 1459 946 vel

289 975 360 1011 hoc
374 974 627 1019 intellegant,
638 977 667 1009 si
683 973 840 1019 quando
853 978 1034 1009 naturam
1048 973 1218 1010 hominis
1231 973 1373 1019 dicam,
1388 973 1458 1010 ho-

290 1042 435 1075 minem
449 1038 581 1074 dicere
598 1050 661 1073 me
675 1050 683 1081 3
703 1036 802 1073 nihil
819 1039 925 1072 enim
941 1035 1016 1072 hoc
1030 1035 1173 1073 differt.
1232 1036 1335 1073 Nam
1351 1039 1458 1082 prius

288 1116 307 1138 a
325 1115 364 1138 se
379 1104 526 1147 poterit
543 1103 708 1146 quisque
725 1099 930 1136 discedere
947 1113 1064 1145 quam
1080 1102 1305 1146 appetitum
1321 1112 1456 1137 earum

289 1178 417 1202 rerum
449 1178 549 1210 quae
582 1164 655 1200 sibi
686 1163 913 1200 conducant
943 1166 1139 1200 amittere,
1213 1162 1303 1200 Iure
1334 1166 1456 1209 igitur

288 1231 503 1274 gravissimi
531 1226 756 1273 philosophi
787 1228 945 1263 initium
978 1229 1119 1263 summi
1147 1227 1240 1263 boni
1267 1240 1289 1263 a
1316 1231 1456 1263 natura

288 1295 515 1338 petiverunt
547 1295 588 1327 et
620 1290 731 1326 illum
761 1293 986 1335 appetitum
1017 1303 1149 1327 rerum
1182 1289 1234 1326 ad
1273 1295 1455 1327 naturam

285 1354 669 1392 accommodatarum
694 1356 972 1397 ingeneratum
999 1358 1240 1398 putaverunt
1260 1354 1454 1399 omnibus,

285 1422 376 1464 quia
397 1409 649 1454 continetur²
669 1429 715 1452 ea
742 1415 1088 1453 commendatione
1116 1421 1281 1453 naturae
1310 1430 1385 1462 qua
1413 1430 1454 1454 se

286 1485 358 1528 ipsi
380 1481 562 1527 diligunt.

341 1545 432 1582 XII.
467 1536 701 1589 “Deinceps
747 1542 963 1579 videndum
1011 1547 1085 1589 est,
1133 1545 1319 1589 quoniam
1361 1546 1455 1582 satis

287 1614 469 1654 apertum
491 1612 553 1644 est
573 1607 646 1644 sibi
674 1619 872 1652 quemque
900 1612 1041 1643 natura
1068 1619 1153 1643 esse
1179 1619 1326 1652 carum,
1353 1620 1453 1653 quae

287 1675 337 1708 sit
360 1672 528 1707 hominis
550 1675 700 1707 natura.
762 1669 809 1706 Id
831 1675 892 1706 est
912 1673 1019 1706 enim
1041 1669 1091 1706 de
1112 1682 1190 1716 quo
1217 1673 1450 1715 quaerimus.

287 1736 411 1780 Atqui
433 1737 684 1780 perspicuum
706 1738 767 1769 est
786 1732 989 1769 hominem
1011 1746 1032 1769 e
1060 1746 1223 1780 corpore
1243 1736 1454 1779 animoque

288 1803 481 1843 constare,
515 1810 603 1833 cum
636 1799 785 1843 primae
816 1799 896 1833 sint
926 1799 1047 1833 animi
1080 1801 1226 1843 partes,
1255 1796 1453 1834 secundae

330 1912 460 1953 ¹possit
476 1911 514 1949 B,
535 1911 574 1945 E.
596 1910 692 1941 Mdv.
710 1921 718 1947 ;
737 1910 875 1951 possint
891 1910 949 1941 inf.
972 1910 1073 1941 MSS.

332 1954 442 1996 ·-‘qm·a
466 1955 665 1986 continetur
685 1954 886 1993 suggested
913 1953 958 1992 by
986 1954 1097 1991 Mdv„
1126 1954 1205 1986 who
1228 1953 1341 1995 prInts
1367 1955 1454 1995 quia

286 1999 536 2036 continentum
559 1997 624 2039 qui
645 1997 870 2029 continentur
892 1996 1016 2033 MSS.;
1041 1997 1106 2038 qui
1127 1998 1325 2028 continetur
1347 1997 1454 2029 Scho-

287 2052 403 2072 mann.

394 2097 470 2128 428
