1574 2364
604 134 798 171 CICERO
830 134 904 170 DE
936 134 1154 171 FINIBUS

297 221 405 254 tione
422 222 462 254 te
476 216 649 262 gaudere
664 216 774 261 dicis,
788 216 862 253 hoc
878 221 939 253 est
959 219 990 253 si
1004 229 1094 253 vera
1114 220 1208 252 sunt
1227 220 1295 252 tua
1315 218 1459 260 scripta

297 285 339 317 et
358 283 532 324 inventa,
553 278 727 325 gaudere
747 292 826 315 non
847 284 985 325 potes,
1014 278 1113 315 nihil
1127 281 1233 315 enim
1249 281 1325 314 iam
1341 278 1460 314 habes

296 343 401 388 quod
422 342 471 379 ad
493 355 631 388 corpus
656 342 827 386 referas3
857 347 919 379 est
941 347 1075 378 autem
1102 355 1124 378 a
1150 346 1192 378 te
1219 354 1376 387 semper
1402 340 1460 377 di-

297 411 404 442 ctum
425 418 498 442 nec
518 405 692 450 gaudere
710 418 947 450 quemquam
963 407 1037 441 nisi
1053 409 1216 450 propter
1231 416 1370 450 corpus
1386 415 1459 440 nee

297 468 440 505 dolere.
503 468 744 512 Praeteritis,
791 470 933 513 inquit,
977 467 1141 513 gaudeo.
1213 466 1458 512 Quibusnam

297 531 548 577 praeteritis?
602 533 632 567 si
671 530 721 567 ad
760 543 899 576 corpus
938 530 1245 576 pertinentibus,
1285 532 1457 565 rationes

297 600 383 631 tuas
410 599 452 630 te
483 593 598 630 video
622 607 877 640 compensare
902 607 991 630 cum
1021 596 1105 630 istis
1135 593 1347 637 doloribus,
1377 604 1457 628 non

297 659 525 694 memoriam
564 670 725 702 corpore
765 661 1042 702 perceptarum
1083 655 1356 701 voluptatum3
1399 657 1458 691 sin

297 725 431 756 autem
462 719 512 756 ad
546 722 734 764 animum,
769 719 910 756 falsum
944 724 1005 756 est
1038 719 1143 764 quod
1183 731 1304 763 negas
1339 720 1459 754 animi

299 778 423 815 ullum
448 791 532 814 esse
557 778 744 823 gaudium
774 777 879 823 quod
906 790 985 813 non
1014 776 1206 813 referatur
1230 776 1280 813 ad
1305 788 1455 820 corpus.

301 837 377 873 Cur
397 836 541 872 deinde
564 835 781 872 Metrodori
803 836 945 872 liberos
967 835 1247 872 commendas?
1277 835 1371 879 quid
1392 837 1431 870 in
1449 825 1459 848 ¹

299 899 374 931 isto
388 896 547 939 egregio
562 899 631 930 tuo
644 894 767 930 officio
784 898 824 930 et
840 898 952 930 tanta
967 893 1043 930 fide
1057 886 1129 936 (sic
1145 895 1251 930 enim
1261 883 1460 935 existimo)

301 953 350 990 ad
371 965 509 998 corpus
529 952 680 988 refers?

221 1015 271 1054 99
356 1010 502 1047 XXXI.
535 1001 560 1017 “
576 1011 667 1046 Huc
685 1014 726 1046 et
740 1009 846 1053 illuc,
859 1009 1071 1055 Torquate,
1084 1021 1151 1045 vos
1166 1011 1329 1045 versetis
1345 1008 1459 1051 licet;

303 1069 400 1106 nihil
425 1071 465 1104 in
490 1068 562 1104 hac
587 1068 785 1113 praeclara
809 1067 978 1112 epistula
1004 1069 1192 1112 scriptum
1216 1067 1265 1102 ab
1289 1066 1459 1112 Epicuro

303 1140 523 1173 congruens
544 1131 585 1163 et
605 1128 842 1162 conveniens
856 1125 1026 1162 decretis
1046 1127 1129 1161 eius
1149 1126 1364 1170 reperietis.
1398 1124 1458 1159 Ita

304 1186 553 1231 redarguitur
573 1187 655 1230 ipse
671 1198 693 1220 a
709 1196 807 1228 sese,
822 1176 1204 1228 convincunturque²
1219 1185 1363 1228 scripta
1378 1184 1461 1218 eius

305 1245 501 1291 probitate
522 1245 641 1288 ipsius
661 1255 705 1278 ac
724 1242 907 1278 moribus.
955 1241 1057 1277 Nam
1077 1244 1152 1278 ista
1171 1240 1462 1277 commendatio

306 1315 528 1349 puerorum,
549 1303 735 1337 memoria
759 1305 800 1336 et
824 1302 963 1336 caritas
989 1301 1198 1344 amicitiae,
1225 1311 1464 1335 summorum

306 1362 517 1398 officiorum
537 1362 577 1395 in
599 1364 776 1396 extremo
801 1360 939 1403 spiritu
965 1360 1209 1395 conservatio
1232 1357 1383 1393 indicat
1405 1359 1464 1392 in-

307 1425 439 1456 natam
460 1431 544 1455 esse
564 1417 713 1453 homini
726 1417 964 1462 probitatem
979 1419 1206 1461 gratuitam,
1225 1428 1304 1451 non
1325 1417 1464 1451 invita-

307 1484 388 1515 tam
409 1476 676 1521 voluptatibus
696 1488 770 1511 nec
791 1477 1052 1520 praemiorum
1064 1473 1312 1510 mercedibus
1329 1485 1464 1509 evoca-

307 1542 397 1573 tam.
431 1534 548 1580 Quod
562 1536 667 1570 enim
684 1535 954 1570 testimonium
974 1534 1097 1568 maius
1117 1534 1352 1576 quaerimus,
1365 1543 1464 1575 quae

306 1594 473 1630 honesta
505 1597 545 1628 et
576 1596 685 1628 recta
711 1593 803 1635 sint,
835 1592 918 1635 ipsa
944 1602 1029 1626 esse
1056 1589 1244 1635 optabilia
1269 1602 1340 1634 per
1366 1602 1464 1633 sese,

206 1659 276 1691 100
308 1665 395 1689 cum
415 1650 616 1687 videamus
637 1654 749 1686 tanta
769 1648 891 1684 officia
916 1648 1149 1684 morientis?
1207 1646 1286 1684 Sed
1312 1652 1357 1683 ut
1383 1649 1465 1692 epi-

306 1710 448 1747 stulam
469 1708 706 1744 laudandam
727 1707 894 1743 arbitror
913 1719 999 1742 eam
1020 1719 1137 1751 quam
1157 1705 1274 1741 modo
1297 1704 1466 1741 totidem

306 1769 389 1805 fere
424 1767 551 1803 verbis
582 1768 866 1810 interpretatus
901 1777 999 1809 sum,
1034 1776 1269 1809 quamquam
1301 1776 1347 1799 ea
1378 1776 1466 1799 cum

306 1839 457 1863 summa
478 1827 560 1860 eius
584 1822 832 1868 philosophia
855 1822 965 1858 nullo
988 1822 1107 1858 modo
1131 1821 1389 1866 congruebat,
1412 1823 1467 1857 sic

350 1900 357 1917 ¹
372 1899 474 1930 MSS.
490 1908 557 1928 om.
573 1897 634 1927 the
648 1896 883 1937 preposition;
909 1895 1003 1927 Mdv.
1022 1898 1194 1936 suggests
1208 1894 1257 1931 in,
1274 1893 1333 1925 but
1346 1894 1464 1925 writes

306 1955 348 1976 ex
365 1942 447 1973 with
466 1944 557 1972 most
573 1939 651 1970 edd.

348 1985 695 2023 ²c0nvincunturque
712 1981 808 2013 Mdv.
829 1981 920 2012 after
939 1981 1066 2019 Davis;
1090 1980 1363 2021 vincunturque,
1382 1989 1461 2011 ven-

303 2032 453 2070 euntque
466 2026 567 2058 MSS.

412 2080 486 2117 190
