1574 2364
233 223 281 260 73

233 1205 281 1238 74

619 141 814 178 CICERO
846 140 920 177 DE
950 141 1170 179 FINIBUS

313 220 603 265 contendimus,
620 225 665 256 ut
680 220 779 256 offici
795 220 946 257 fructus
962 223 1014 257 sit
1027 223 1156 266 ipsum
1173 221 1350 256 officium.
1385 221 1474 257 Hoc

312 299 379 336 ille
400 304 491 335 tuus
511 312 591 335 non
612 297 710 343 vult,
731 299 992 344 omnibusque
1017 312 1065 335 ex
1090 299 1207 336 rebus
1232 298 1476 344 voluptatem

312 379 420 422 quasi
440 376 667 413 mercedem
692 378 827 421 exigit.
883 376 962 413 Sed
982 376 1032 412 ad
1052 376 1163 412 illum
1184 376 1328 420 redeo3
1358 379 1388 413 si
1414 390 1477 413 vo-

311 454 475 499 luptatis
496 467 611 490 causa
631 467 721 490 cum
743 454 858 490 Gallo
882 454 988 499 apud
1008 454 1207 491 Anienem
1232 455 1476 500 depugnavit

312 533 543 574 provocatus
565 533 606 566 et
627 542 674 565 ex
696 531 779 565 eius
807 529 939 574 spoliis
966 530 1039 566 sibi
1067 534 1110 566 et
1136 535 1319 574 torquem
1345 534 1388 566 et
1414 543 1476 566 co-

311 616 485 648 gnomen
505 603 636 639 induit
657 603 777 639 ullam
798 603 914 639 aliam
941 604 991 640 ob
1018 617 1173 640 causam
1204 606 1278 640 nisi
1308 604 1413 649 quod
1441 607 1477 641 ei

312 678 406 714 talia
430 677 534 713 facta
561 677 681 723 digna
707 680 789 714 viro
816 677 1066 723 videbantur,
1088 678 1232 714 fortem
1260 691 1339 714 non
1366 683 1473 724 puto.

314 752 396 788 Iam
417 756 447 789 si
469 753 606 798 pudor,
629 755 658 789 si
686 752 892 797 modestia,
914 755 945 789 51
973 752 1176 798 pudicitia,
1198 755 1228 789 si
1256 766 1334 790 uno
1358 754 1477 789 verbo

311 830 576 872 temperantia
597 840 747 872 poenae
764 832 832 863 aut
848 827 1032 864 infamiae
1049 832 1159 864 metu
1177 828 1478 873 coercebuntur,

312 915 391 938 non
421 905 633 939 sanctitate
664 915 732 938 sua
762 915 803 938 se
833 902 1065 947 tuebuntur,
1088 902 1193 947 quod
1222 900 1477 948 aduiterium,

311 976 416 1021 quod
433 981 625 1022 stuprum,
640 989 739 1021 quae
754 976 875 1012 libido
892 989 971 1012 non
988 989 1029 1013 se
1046 979 1236 1022 proripiet
1252 990 1296 1013 30
1313 980 1479 1022 proiciet

311 1056 380 1087 aut
417 1050 683 1087 occultatione
722 1053 922 1095 proposita
955 1055 1024 1086 aut
1058 1053 1296 1096 impunitate
1330 1056 1399 1087 aut
1431 1051 1476 1087 li-

312 1129 443 1162 centia
458 1126 471 1161 Ρ

367 1193 390 1207 “
401 1200 532 1245 Quid?
554 1200 666 1244 illud,
676 1200 888 1245 Torquate,
903 1199 1017 1245 quale
1032 1200 1194 1237 tandem
1209 1200 1476 1246 videtur,-—te

313 1279 388 1312 isto
409 1277 568 1311 nomine
590 1276 750 1320 ingenio
770 1274 907 1319 gloria,
929 1288 1029 1319 quae
1061 1274 1168 1320 facis,
1193 1287 1294 1320 quae
1315 1278 1479 1321 cogitas,

314 1363 413 1395 quae
435 1349 643 1385 contendis
664 1362 741 1393 quo
762 1348 922 1393 referas,
943 1352 1052 1385 cuius
1073 1351 1129 1385 rei
1151 1363 1265 1386 causa
1292 1350 1479 1395 perficere

314 1438 414 1470 quae
445 1429 596 1460 conaris
624 1423 731 1468 velis,
765 1423 858 1468 quid
895 1426 1089 1468 optimum
1125 1424 1298 1469 denique
1328 1427 1368 1460 in
1401 1428 1480 1461 vita

314 1500 476 1544 iudices,
496 1512 576 1535 non
596 1497 741 1535 audere
763 1501 803 1534 in
824 1504 1022 1535 conventu
1044 1499 1205 1535 dicere?
1245 1499 1351 1544 Quid
1372 1503 1478 1536 enim

313 1576 455 1610 mereri
476 1573 585 1617 velis,
607 1574 683 1608 iam
705 1586 794 1609 cum
815 1575 1091 1617 magistratum
1108 1576 1241 1610 inieris
1262 1579 1304 1610 et
1323 1577 1364 1609 in
1385 1587 1477 1610 con-

314 1651 463 1685 tionem
484 1647 708 1683 ascenderis
729 1639 809 1690 (est
829 1650 935 1684 enim
956 1648 1029 1684 tibi
1051 1647 1290 1684 edicendum
1311 1662 1409 1694 quae
1427 1652 1477 1686 sis

313 1724 587 1759 observaturus
604 1725 644 1757 in
661 1725 744 1758 iure
761 1722 943 1766 dicendo,
966 1727 1008 1758 et
1023 1722 1188 1759 fortasse
1209 1725 1342 1768 etiam,
1359 1726 1390 1759 si
1406 1724 1478 1760 tibi

313 1800 389 1834 erit
401 1799 539 1841 visum,
555 1796 703 1841 aliquid
717 1796 766 1832 de
783 1797 992 1833 maioribus
1009 1800 1087 1834 tuis
1104 1802 1145 1834 et
1158 1797 1208 1834 de
1222 1802 1263 1834 te
1277 1800 1360 1843 ipso
1373 1798 1479 1835 dices

311 1884 419 1908 more
440 1862 815 1914 maiorum),—quid
836 1873 1020 1907 merearis
1042 1873 1163 1916 igitur
1183 1876 1227 1907 ut
1248 1871 1353 1908 dicas
1374 1877 1415 1908 te
1436 1875 1477 1908 in

312 1959 358 1983 eo
378 1947 610 1989 magistratu
636 1947 766 1980 onmia
787 1944 1001 1989 voluptatis
1027 1958 1142 1981 causa
1167 1945 1363 1981 facturum
1388 1958 1473 1983 esse

309 2025 428 2065 teque
459 2017 557 2054 hihil
590 2017 728 2054 fecisse
756 2020 796 2054 in
824 2021 903 2054 vita
930 2021 1004 2055 nisi
1032 2018 1244 2064 voluptatis
1271 2032 1385 2055 causa
1403 2020 1471 2055 ?—

419 2072 494 2110 162
