1574 2364
606 135 801 173 CICERO
833 136 907 173 DE
937 136 1157 176 FINIBUS

294 223 340 255 ut
353 217 513 263 quidam
523 215 751 252 Academici
766 219 1016 254 constituisse
1029 217 1229 263 dicuntur,
1239 222 1460 255 extremum

295 285 486 321 bonorum
508 287 550 319 et
571 296 767 319 summum
786 296 929 320 munus
956 296 1041 320 esse
1063 287 1251 330 sapientis
1271 285 1461 322 obsistere

295 354 385 387 visis
405 362 665 394 assensusque
687 362 776 385 suos
796 349 906 386 firme
927 353 1133 387 sustinere.
1196 352 1271 388 His
1298 351 1462 396 singulis

295 420 449 462 copiose
480 416 710 461 responderi
738 416 850 452 solet.
911 416 989 453 Sed
1017 430 1117 462 quae
1145 421 1350 463 perspicua
1371 422 1464 454 sunt

292 483 410 528 longa
431 495 515 519 esse
542 495 623 518 non
649 482 824 525 debent;
854 483 949 527 quid
975 489 1111 519 autem
1136 486 1310 529 apertius
1331 498 1462 529 quam,

294 552 324 586 si
345 544 637 586 selectiolnulla
658 551 708 585 sit
729 549 778 584 ab
799 551 844 585 iis
864 550 981 585 rebus
1003 563 1102 595 quae
1124 555 1261 586 contra
1282 555 1462 587 naturam

293 619 373 652 sint
411 628 545 652 earum
585 628 716 651 rerum
755 628 855 660 quae
894 618 973 652 sint
1012 616 1229 652 secundum
1268 622 1462 662 naturam,

294 682 478 719 tollatur2
502 684 628 718 omnis
657 695 702 717 ea
730 695 829 726 quae
857 687 1069 727 quaeratur
1089 683 1352 729 laudeturque
1372 697 1463 729 pru-

294 749 457 786 dentia?
520 748 834 794 Circumscriptis
875 751 996 793 igitur
1035 752 1080 785 iis
1118 752 1329 786 sententiis
1368 763 1463 795 quas

294 819 419 862 posui,
441 820 484 852 et
509 818 555 852 iis
580 817 611 851 si
639 828 739 860 quae
767 815 913 852 similes
944 829 1079 852 earum
1105 821 1210 860 sunt,
1227 816 1463 862 relinquitur

294 888 339 919 ut
360 895 556 919 summum
585 882 731 917 bonum
752 885 803 918 sit
824 884 955 918 vivere
977 885 1182 918 scientiam
1203 882 1461 919 adhibentem

295 963 429 986 earum
450 962 581 985 rerum
602 961 701 993 quae
722 953 862 985 natura
883 951 1081 993 eveniant,
1104 949 1341 993 seligentem
1362 962 1461 994 quae

295 1016 513 1053 secundum
548 1019 730 1051 naturam
769 1020 949 1064 etquae
990 1020 1126 1051 contra
1164 1021 1345 1052 naturam
1384 1019 1463 1052 sint

295 1086 542 1127 reicientem,
590 1081 630 1118 id
678 1087 739 1118 est
786 1085 1071 1118 convenienter
1118 1087 1462 1128 congruenterque

297 1155 461 1186 naturae
483 1152 624 1185 vivere.

217 1221 265 1253 32
350 1207 374 1222 “
390 1215 469 1252 Sed
498 1218 539 1250 in
569 1218 712 1251 ceteris
742 1215 892 1251 artibus
932 1227 1021 1251 cum
1061 1214 1205 1251 dicitur
1242 1215 1463 1258 artificiose,

297 1287 499 1328 posterum
534 1281 707 1326 quodam
739 1280 856 1316 modo
891 1285 932 1317 et
966 1294 1211 1326 consequens
1243 1281 1463 1326 putandum

298 1354 371 1393 est,
393 1347 499 1393 quod
520 1348 576 1383 illi
599 1346 933 1392 gvi-tyevwmarmciv
956 1347 1184 1392 appellant3
1215 1361 1303 1384 cum
1331 1353 1464 1385 autem

300 1419 341 1452 in
375 1428 452 1460 quo
486 1417 687 1459 sapienter
721 1408 926 1458 dicimus,3
953 1413 992 1449 id
1022 1427 1044 1449 a
1083 1417 1208 1459 primo
1247 1417 1465 1452 rectissime

299 1483 454 1519 dicitur.
526 1480 732 1526 Quidquid
772 1483 877 1517 enim
916 1493 938 1516 a
976 1483 1156 1526 sapiente
1195 1481 1465 1526 proficiscitur,

299 1548 340 1585 id
384 1550 573 1584 continuo
616 1546 739 1583 debet
782 1546 988 1591 expletum
1031 1560 1116 1583 esse
1159 1548 1341 1583 omnibus
1387 1551 1466 1585 suis

300 1615 502 1661 partibus;
532 1617 572 1650 in
604 1627 650 1650 eo
681 1616 787 1650 enim
814 1616 985 1658 positum
1012 1619 1073 1650 est
1102 1613 1143 1650 id
1169 1613 1274 1659 quod
1301 1614 1468 1651 dicimus

300 1695 384 1718 esse
415 1680 697 1726 expetendum.
760 1680 860 1715 Nam
893 1685 938 1716 ut
969 1685 1176 1726 peccatum
1209 1686 1270 1717 est
1301 1685 1466 1726 patriam

301 1747 482 1794 prodere,
503 1751 690 1792 parentes
706 1746 864 1790 violare,
882 1746 972 1782 fana
992 1746 1232 1792 depeculari,
1253 1760 1352 1792 quae
1374 1753 1467 1784 sunt

301 1820 341 1853 in
358 1816 514 1860 effectu,
532 1818 586 1851 sic
607 1818 762 1860 timere,
780 1818 832 1851 sic
853 1828 1043 1860 maerere,
1065 1818 1119 1852 sic
1139 1818 1180 1852 in
1201 1816 1364 1852 libidine
1381 1829 1466 1853 esse

300 1888 508 1929 peccatum
525 1886 586 1918 est
607 1884 726 1917 etiam
744 1884 827 1918 sine
845 1881 999 1918 ess'ectu.
1039 1882 1184 1918 Verum
1207 1887 1250 1918 ut
1274 1882 1370 1919 haec
1388 1895 1465 1919 non

350 1946 363 1964 ¹
387 1945 522 1977 secretio
546 1945 559 1977 ?
580 1944 683 1976 Reid.

351 1989 364 2008 ²
386 1988 524 2020 tollatur
539 1997 550 2019 :
574 1989 672 2019 Mdv.
696 1987 788 2019 adds
809 1997 832 2019 a
855 1987 959 2019 mark
975 1987 1013 2018 of
1035 1987 1264 2028 corrupti0n;
1284 1986 1382 2027 <sore
1398 1988 1458 2027 ut>

307 2033 445 2062 tollatur
461 2031 669 2062 Lambinus.

351 2073 364 2092 ³
387 2074 536 2104 dicimus
555 2075 586 2104 A
603 2073 725 2117 omits.

349 2166 364 2180 ι
386 2159 471 2190 This
487 2159 626 2191 section
642 2159 744 2190 looks
759 2168 798 2190 as
813 2159 841 2189 if
855 2159 885 2190 it
896 2158 967 2189 had
979 2159 1070 2190 been
1080 2158 1299 2191 transferred
1310 2158 1391 2189 here
1408 2158 1458 2199 by

308 2211 405 2236 error
420 2202 513 2232 from
531 2203 592 2234 the
609 2202 680 2234 end
695 2201 733 2232 of
748 2202 763 2244 5
781 2209 823 2244 24
843 2201 975 2246 (Reid).

415 2262 489 2301 250
