1574 2364
216 910 264 942 30

214 1551 257 1583 31

602 128 797 165 CICERO
829 128 903 164 DE
934 128 1153 165 FINIBUS

294 222 438 253 magno
460 212 510 245 sit
536 211 667 244 animo
693 213 813 252 atque
841 207 933 243 sorti
961 211 1092 243 onmia
1122 220 1222 252 quae
1250 208 1390 244 cadere
1417 211 1458 244 in

297 268 498 303 hominem
532 269 683 312 possint
722 265 926 310 despicere
957 278 1000 301 ac
1040 279 1109 311 pro
1143 265 1267 301 nihilo
1306 271 1455 310 putare.

296 325 408 371 Quae
443 338 531 361 cum
562 327 618 360 ita
649 327 740 368 sint,
769 324 953 359 effectum
982 329 1042 360 est
1073 323 1168 359 nihil
1202 337 1286 360 esse
1312 324 1458 360 malum

295 383 401 429 quod
429 388 545 428 turpe
566 396 646 418 non
666 385 727 418 sit.
788 382 921 426 Atque
950 385 1024 418 iste
1051 384 1108 417 vir
1134 382 1236 418 altus
1261 387 1302 418 et
1331 382 1459 418 excel-

296 443 393 486 lens,
407 454 552 486 magno
566 443 710 484 animo,
724 453 815 476 vere
830 440 954 482 fortis,
969 439 1069 475 infra
1083 453 1124 476 se
1138 443 1269 476 omnia
1290 440 1461 476 humana

295 500 458 544 ducens,
490 502 533 544 is,
567 501 741 544 inquam,
774 511 892 543 quem
932 499 1084 534 efficere
1116 498 1306 542 volumus,
1342 512 1458 543 quem

296 561 531 603 quaerimus,
546 562 653 593 certe
672 562 713 592 et
733 556 929 592 confidere
951 557 1023 592 sibi
1044 557 1166 592 debet
1186 569 1229 592 ac
1250 569 1342 592 suae
1356 559 1459 593 vitae

296 621 337 653 et
360 621 471 652 actae
504 620 546 652 et
577 617 837 660 consequenti
865 620 906 650 et
937 616 1039 651 bene
1072 615 1122 651 de
1157 628 1242 651 sese
1273 615 1459 660 iudicare,

296 680 474 710 statuens
496 673 593 709 nihil
616 686 728 718 posse
750 673 841 708 mali
866 673 1041 709 incidere
1063 675 1242 718 sapienti.
1303 673 1362 709 Ex
1383 686 1459 718 quo

295 733 544 777 intellegitur
581 731 689 767 idem
727 731 838 775 illud,
878 731 1004 767 solum
1046 732 1192 767 bonum
1231 744 1316 768 esse
1354 731 1457 777 quod

295 791 504 827 honestum
527 793 590 835 sit,
606 790 724 834 idque
747 802 831 826 esse
853 790 969 826 beate
986 792 1129 834 vivere,
1146 789 1326 833 honeste,
1343 790 1382 826 id
1399 795 1459 826 est

294 862 383 885 cum
404 852 549 884 virtute
570 851 711 884 vivere.

351 906 417 943 IX.
450 898 473 913 “
490 907 574 943 Nec
588 919 679 943 vero
695 909 845 950 ignoro,
862 909 984 942 varias
1001 906 1322 951 philosophorum
1339 906 1456 943 fuisse

294 968 526 1009 sententias,
556 977 691 1000 eorum
722 965 810 1000 dieo
842 967 907 1009 qui
939 978 1135 1000 summum
1169 966 1325 1009 bonum,
1353 965 1457 1010 quod

295 1023 479 1059 ultimum
507 1022 678 1068 appello,
704 1025 745 1057 in
775 1025 905 1058 animo
932 1028 1138 1067 ponerent.
1183 1022 1294 1068 Quae
1323 1037 1457 1068 quam—

292 1095 409 1126 quam
438 1084 575 1117 vitiose
603 1080 762 1125 quidam
791 1083 916 1117 secuti
946 1086 1050 1125 sunt,
1071 1086 1204 1117 tamen
1234 1095 1313 1117 non
1342 1083 1458 1119 modo

293 1143 338 1176 iis
360 1141 483 1176 tribus
500 1142 565 1184 qui
587 1142 775 1175 virtutem
795 1152 817 1174 a
837 1152 989 1175 summo
1011 1140 1113 1175 bono
1134 1146 1455 1185 segregaverunt,

292 1212 380 1234 cum
396 1203 465 1234 aut
485 1198 728 1243 voluptatem
748 1202 817 1233 aut
833 1201 1070 1234 vacuitatem
1086 1198 1229 1234 doloris
1244 1204 1312 1235 aut
1333 1202 1456 1244 prima

294 1261 456 1292 naturae
477 1259 517 1291 in
538 1259 699 1292 summis
720 1257 831 1292 bonis
852 1261 1060 1301 ponerent,
1083 1257 1152 1293 sed
1182 1260 1301 1293 etiam
1321 1257 1455 1293 alteris

294 1316 417 1350 tribus
434 1318 499 1359 qui
517 1328 695 1350 mancam
712 1314 794 1350 foro
812 1320 1051 1359 putaverunt
1073 1318 1155 1351 sine
1177 1316 1306 1360 aliqua
1325 1329 1454 1352 acces-

293 1376 401 1409 sione
424 1376 611 1409 virtutem
641 1373 690 1408 ob
715 1386 880 1417 eamque
907 1386 990 1409 rem
1017 1376 1136 1409 trium
1163 1387 1297 1409 earum
1324 1387 1452 1409 rerum

293 1444 388 1476 quas
404 1445 518 1476 supra
535 1431 615 1467 dixi
630 1431 773 1475 singuli
791 1431 963 1475 singulas
978 1431 1231 1476 addiderunt,
1245 1432 1304 1468 his
1320 1437 1454 1468 tamen

291 1491 472 1526 omnibus
493 1503 558 1525 eos
578 1494 790 1534 antepono,
804 1490 1038 1526 cuicuimodi
1058 1495 1162 1535 sunt,
1177 1493 1241 1534 qui
1258 1503 1454 1526 summum

293 1549 439 1583 bonum
466 1551 505 1583 in
533 1550 663 1583 animo
692 1552 811 1592 atque
844 1550 884 1583 in
912 1551 1057 1584 virtute
1088 1553 1313 1593 posuerunt.
1374 1548 1452 1585 Sed

291 1611 383 1643 sunt
411 1611 546 1642 tamen
575 1606 805 1651 perabsurdi
826 1611 868 1642 et
887 1608 913 1642 ii
934 1609 999 1651 qui
1027 1620 1116 1642 cum
1137 1609 1301 1643 scientia
1322 1610 1451 1643 vivere

291 1665 473 1700 ultimum
497 1665 700 1708 bonorum,
718 1669 759 1700 et
780 1667 846 1709 qui
867 1665 1015 1700 nullam
1036 1678 1166 1701 rerum
1187 1665 1450 1702 differentiam

290 1735 375 1759 esse
414 1723 600 1758 dixerunt
638 1727 758 1767 atque
803 1725 857 1758 ita
895 1726 1115 1768 sapientem
1156 1724 1315 1760 beatum
1355 1723 1450 1769 fore,

290 1780 388 1816 nihil
408 1780 514 1816 aliud
535 1780 599 1815 alii
621 1785 824 1816 momento
845 1780 924 1816 ullo
945 1786 1272 1826 anteponentem‚
1293 1788 1335 1818 et
1355 1775 1449 1826 qui,¹

590 1891 717 1932 ¹etqui
733 1892 888 1923 inserted
906 1893 951 1933 by
971 1894 1062 1924 Mdv.

302 1967 395 1974 -ο

429 2014 446 2032 a
462 2008 528 2038 For
544 2008 644 2038 these
662 2006 804 2038 various
822 2008 963 2039 schools
980 2019 1039 2039 see
1056 2009 1087 2039 V
1105 2019 1218 2049 20—23.

395 2062 471 2096 248
