<?xml version="1.0" encoding="UTF-8"?>
<!DOCTYPE html PUBLIC "-//W3C//DTD XHTML 1.0 Transitional//EN"
    "http://www.w3.org/TR/xhtml1/DTD/xhtml1-transitional.dtd">
<html xmlns="http://www.w3.org/1999/xhtml" xml:lang="en" lang="en">
 <head>
  <title>
</title>
<meta http-equiv="Content-Type" content="text/html;charset=utf-8" />
  <meta name='ocr-system' content='tesseract 3.04.00' />
  <meta name='ocr-capabilities' content='ocr_page ocr_carea ocr_par ocr_line ocrx_word'/>
</head>
<body>
  <div class='ocr_page' id='page_1' title='image "./definibusbonorum00cice_0310.png"; bbox 0 0 1574 2364; ppageno 0'>
   <div class='ocr_carea' id='block_1_1' title="bbox 177 1471 226 1510">
    <p class='ocr_par' dir='ltr' id='par_1_1' title="bbox 177 1471 226 1510">
     <span class='ocr_line' id='line_1_1' title="bbox 177 1471 226 1510; baseline 0.02 -1"><span class='ocrx_word' id='word_1_1' title='bbox 177 1471 226 1510; x_wconf 84' lang='lat'><strong>60</strong></span> 
     </span>
    </p>
   </div>
   <div class='ocr_carea' id='block_1_2' title="bbox 249 145 1424 1991">
    <p class='ocr_par' dir='ltr' id='par_1_2' title="bbox 249 145 1424 1991">
     <span class='ocr_line' id='line_1_2' title="bbox 551 145 1100 184; baseline 0 -1"><span class='ocrx_word' id='word_1_2' title='bbox 551 146 746 184; x_wconf 85' lang='lat' dir='ltr'>CICERO</span> <span class='ocrx_word' id='word_1_3' title='bbox 779 145 850 182; x_wconf 90' lang='lat' dir='ltr'><strong>DE</strong></span> <span class='ocrx_word' id='word_1_4' title='bbox 881 145 1100 183; x_wconf 90' lang='lat' dir='ltr'>FINIBUS</span> 
     </span>
     <span class='ocr_line' id='line_1_3' title="bbox 249 225 1417 271; baseline -0.003 -6"><span class='ocrx_word' id='word_1_5' title='bbox 249 228 428 265; x_wconf 85' lang='lat' dir='ltr'><strong>officium.</strong></span> <span class='ocrx_word' id='word_1_6' title='bbox 453 226 570 271; x_wconf 81' lang='lat' dir='ltr'><strong>Quod</strong></span> <span class='ocrx_word' id='word_1_7' title='bbox 586 225 751 261; x_wconf 84' lang='lat' dir='ltr'><strong>efficitur</strong></span> <span class='ocrx_word' id='word_1_8' title='bbox 764 225 836 261; x_wconf 87' lang='lat' dir='ltr'><strong>hac</strong></span> <span class='ocrx_word' id='word_1_9' title='bbox 846 229 966 261; x_wconf 83' lang='lat' dir='ltr'><strong>etiam</strong></span> <span class='ocrx_word' id='word_1_10' title='bbox 976 225 1226 262; x_wconf 84' lang='lat' dir='ltr'><strong>conclusione</strong></span> <span class='ocrx_word' id='word_1_11' title='bbox 1235 228 1417 262; x_wconf 84' lang='lat' dir='ltr'><strong>rationis:</strong></span> 
     </span>
     <span class='ocr_line' id='line_1_4' title="bbox 252 309 1418 356; baseline -0.002 -9"><span class='ocrx_word' id='word_1_12' title='bbox 252 311 449 356; x_wconf 81' lang='lat' dir='ltr'>Quoniam</span> <span class='ocrx_word' id='word_1_13' title='bbox 485 312 591 346; x_wconf 86' lang='lat' dir='ltr'><strong>enim</strong></span> <span class='ocrx_word' id='word_1_14' title='bbox 626 309 804 346; x_wconf 83' lang='lat' dir='ltr'><strong>videmus</strong></span> <span class='ocrx_word' id='word_1_15' title='bbox 837 321 921 345; x_wconf 85' lang='lat' dir='ltr'><strong>esse</strong></span> <span class='ocrx_word' id='word_1_16' title='bbox 954 309 1141 354; x_wconf 79' lang='lat' dir='ltr'>quiddam</span> <span class='ocrx_word' id='word_1_17' title='bbox 1173 309 1278 354; x_wconf 91' lang='lat' dir='ltr'><strong>quod</strong></span> <span class='ocrx_word' id='word_1_18' title='bbox 1309 314 1418 345; x_wconf 87' lang='lat' dir='ltr'><strong>recte</strong></span> 
     </span>
     <span class='ocr_line' id='line_1_5' title="bbox 252 394 1419 440; baseline -0.003 -8"><span class='ocrx_word' id='word_1_19' title='bbox 252 396 401 432; x_wconf 84' lang='lat' dir='ltr'><strong>factum</strong></span> <span class='ocrx_word' id='word_1_20' title='bbox 422 395 682 440; x_wconf 77' lang='lat' dir='ltr'><strong>appellemus,</strong></span> <span class='ocrx_word' id='word_1_21' title='bbox 699 394 739 430; x_wconf 92' lang='lat' dir='ltr'><strong>id</strong></span> <span class='ocrx_word' id='word_1_22' title='bbox 759 399 894 430; x_wconf 84' lang='lat' dir='ltr'><strong>autem</strong></span> <span class='ocrx_word' id='word_1_23' title='bbox 915 399 975 430; x_wconf 83' lang='lat' dir='ltr'><strong>est</strong></span> <span class='ocrx_word' id='word_1_24' title='bbox 995 394 1217 439; x_wconf 84' lang='lat' dir='ltr'><strong>perfectum</strong></span> <span class='ocrx_word' id='word_1_25' title='bbox 1238 394 1419 438; x_wconf 81' lang='lat' dir='ltr'><strong>officium,</strong></span> 
     </span>
     <span class='ocr_line' id='line_1_6' title="bbox 253 476 1421 522; baseline -0.003 -7"><span class='ocrx_word' id='word_1_26' title='bbox 253 482 329 515; x_wconf 86' lang='lat' dir='ltr'><strong>erit</strong></span> <span class='ocrx_word' id='word_1_27' title='bbox 349 482 470 516; x_wconf 85' lang='lat' dir='ltr'><strong>etiam</strong></span> <span class='ocrx_word' id='word_1_28' title='bbox 491 478 745 520; x_wconf 81' lang='lat' dir='ltr'><strong>inchoatum3</strong></span> <span class='ocrx_word' id='word_1_29' title='bbox 767 482 824 522; x_wconf 78' lang='lat' dir='ltr'><strong>ut,</strong></span> <span class='ocrx_word' id='word_1_30' title='bbox 846 480 876 513; x_wconf 89' lang='lat' dir='ltr'><strong>si</strong></span> <span class='ocrx_word' id='word_1_31' title='bbox 893 480 995 513; x_wconf 80' lang='lat' dir='ltr'><strong>iuste</strong></span> <span class='ocrx_word' id='word_1_32' title='bbox 1012 477 1236 522; x_wconf 84' lang='lat' dir='ltr'><strong>depositum</strong></span> <span class='ocrx_word' id='word_1_33' title='bbox 1253 476 1421 513; x_wconf 79' lang='lat' dir='ltr'><strong>reddere</strong></span> 
     </span>
     <span class='ocr_line' id='line_1_7' title="bbox 253 559 1422 605; baseline -0.003 -7"><span class='ocrx_word' id='word_1_34' title='bbox 253 566 293 598; x_wconf 93' lang='lat' dir='ltr'><strong>in</strong></span> <span class='ocrx_word' id='word_1_35' title='bbox 315 567 423 598; x_wconf 84' lang='lat' dir='ltr'><strong>recte</strong></span> <span class='ocrx_word' id='word_1_36' title='bbox 446 561 559 597; x_wconf 82' lang='lat' dir='ltr'><strong>factis</strong></span> <span class='ocrx_word' id='word_1_37' title='bbox 581 564 643 605; x_wconf 78' lang='lat' dir='ltr'><strong>sit,</strong></span> <span class='ocrx_word' id='word_1_38' title='bbox 665 563 705 596; x_wconf 88' lang='lat' dir='ltr'><strong>in</strong></span> <span class='ocrx_word' id='word_1_39' title='bbox 726 561 859 596; x_wconf 85' lang='lat' dir='ltr'><strong>officiis</strong></span> <span class='ocrx_word' id='word_1_40' title='bbox 886 565 1055 605; x_wconf 84' lang='lat' dir='ltr'><strong>ponatur</strong></span> <span class='ocrx_word' id='word_1_41' title='bbox 1082 560 1307 605; x_wconf 82' lang='lat' dir='ltr'><strong>depositum</strong></span> <span class='ocrx_word' id='word_1_42' title='bbox 1334 559 1422 596; x_wconf 86' lang='lat' dir='ltr'><strong>red-</strong></span> 
     </span>
     <span class='ocr_line' id='line_1_8' title="bbox 253 634 1423 689; baseline -0.001 -8"><span class='ocrx_word' id='word_1_43' title='bbox 253 645 348 682; x_wconf 88' lang='lat' dir='ltr'><strong>dere</strong></span> <span class='ocrx_word' id='word_1_44' title='bbox 366 658 374 689; x_wconf 87' lang='grc'>;</span> <span class='ocrx_word' id='word_1_45' title='bbox 395 645 462 681; x_wconf 90' lang='lat' dir='ltr'><strong>illo</strong></span> <span class='ocrx_word' id='word_1_46' title='bbox 479 647 585 681; x_wconf 91' lang='lat' dir='ltr'><strong>enim</strong></span> <span class='ocrx_word' id='word_1_47' title='bbox 602 643 739 680; x_wconf 83' lang='lat' dir='ltr'><strong>addito</strong></span> <span class='ocrx_word' id='word_1_48' title='bbox 756 634 765 650; x_wconf 78' lang='lat'>‘</span> <span class='ocrx_word' id='word_1_49' title='bbox 780 644 908 688; x_wconf 51' lang='lat' dir='ltr'><strong>instes</strong></span> <span class='ocrx_word' id='word_1_50' title='bbox 927 643 970 679; x_wconf 79' lang='lat' dir='ltr'><strong>fit</strong></span> <span class='ocrx_word' id='word_1_51' title='bbox 990 648 1099 679; x_wconf 81' lang='lat' dir='ltr'><strong>recte</strong></span> <span class='ocrx_word' id='word_1_52' title='bbox 1116 643 1278 688; x_wconf 87' lang='lat' dir='ltr'><strong>factum,</strong></span> <span class='ocrx_word' id='word_1_53' title='bbox 1296 656 1366 689; x_wconf 87' lang='lat' dir='ltr'><strong>per</strong></span> <span class='ocrx_word' id='word_1_54' title='bbox 1381 656 1423 680; x_wconf 85' lang='lat' dir='ltr'><strong>se</strong></span> 
     </span>
     <span class='ocr_line' id='line_1_9' title="bbox 253 725 1422 773; baseline -0.002 -8"><span class='ocrx_word' id='word_1_55' title='bbox 253 733 388 765; x_wconf 82' lang='lat' dir='ltr'><strong>autem</strong></span> <span class='ocrx_word' id='word_1_56' title='bbox 410 728 483 764; x_wconf 86' lang='lat' dir='ltr'><strong>hoc</strong></span> <span class='ocrx_word' id='word_1_57' title='bbox 505 731 632 773; x_wconf 81' lang='lat' dir='ltr'><strong>ipsum</strong></span> <span class='ocrx_word' id='word_1_58' title='bbox 654 726 823 763; x_wconf 82' lang='lat' dir='ltr'><strong>reddere</strong></span> <span class='ocrx_word' id='word_1_59' title='bbox 844 729 884 762; x_wconf 93' lang='lat' dir='ltr'><strong>in</strong></span> <span class='ocrx_word' id='word_1_60' title='bbox 906 726 1029 762; x_wconf 80' lang='lat' dir='ltr'><strong>officio</strong></span> <span class='ocrx_word' id='word_1_61' title='bbox 1050 729 1220 771; x_wconf 79' lang='lat' dir='ltr'><strong>ponitur.</strong></span> <span class='ocrx_word' id='word_1_62' title='bbox 1272 725 1422 772; x_wconf 84' lang='lat' dir='ltr'><strong>Quoni-</strong></span> 
     </span>
     <span class='ocr_line' id='line_1_10' title="bbox 255 809 1420 856; baseline -0.002 -8"><span class='ocrx_word' id='word_1_63' title='bbox 255 824 397 856; x_wconf 85' lang='lat' dir='ltr'><strong>amque</strong></span> <span class='ocrx_word' id='word_1_64' title='bbox 419 824 498 847; x_wconf 88' lang='lat' dir='ltr'><strong>non</strong></span> <span class='ocrx_word' id='word_1_65' title='bbox 521 810 685 847; x_wconf 89' lang='lat' dir='ltr'><strong>dubium</strong></span> <span class='ocrx_word' id='word_1_66' title='bbox 707 815 769 846; x_wconf 88' lang='lat' dir='ltr'><strong>est</strong></span> <span class='ocrx_word' id='word_1_67' title='bbox 788 812 883 855; x_wconf 88' lang='lat' dir='ltr'><strong>quin</strong></span> <span class='ocrx_word' id='word_1_68' title='bbox 904 812 944 845; x_wconf 92' lang='lat' dir='ltr'><strong>in</strong></span> <span class='ocrx_word' id='word_1_69' title='bbox 966 812 1011 845; x_wconf 82' lang='lat' dir='ltr'><strong>iis</strong></span> <span class='ocrx_word' id='word_1_70' title='bbox 1032 822 1132 854; x_wconf 87' lang='lat' dir='ltr'><strong>quae</strong></span> <span class='ocrx_word' id='word_1_71' title='bbox 1159 809 1289 846; x_wconf 88' lang='lat' dir='ltr'><strong>media</strong></span> <span class='ocrx_word' id='word_1_72' title='bbox 1317 809 1420 846; x_wconf 88' lang='lat' dir='ltr'><strong>dica-</strong></span> 
     </span>
     <span class='ocr_line' id='line_1_11' title="bbox 253 892 1420 938; baseline -0.001 -7"><span class='ocrx_word' id='word_1_73' title='bbox 253 907 340 931; x_wconf 87' lang='lat' dir='ltr'><strong>mus</strong></span> <span class='ocrx_word' id='word_1_74' title='bbox 361 897 412 931; x_wconf 84' lang='lat' dir='ltr'><strong>sit</strong></span> <span class='ocrx_word' id='word_1_75' title='bbox 432 894 538 930; x_wconf 78' lang='lat' dir='ltr'><strong>aliud</strong></span> <span class='ocrx_word' id='word_1_76' title='bbox 561 893 810 937; x_wconf 81' lang='lat' dir='ltr'><strong>sumendum,</strong></span> <span class='ocrx_word' id='word_1_77' title='bbox 832 892 938 929; x_wconf 85' lang='lat' dir='ltr'><strong>aliud</strong></span> <span class='ocrx_word' id='word_1_78' title='bbox 955 892 1213 937; x_wconf 82' lang='lat' dir='ltr'><strong>reiciendum,</strong></span> <span class='ocrx_word' id='word_1_79' title='bbox 1230 893 1420 938; x_wconf 89' lang='lat' dir='ltr'><strong>quidquid</strong></span> 
     </span>
     <span class='ocr_line' id='line_1_12' title="bbox 254 976 1422 1022; baseline -0.001 -8"><span class='ocrx_word' id='word_1_80' title='bbox 254 981 310 1015; x_wconf 81' lang='lat' dir='ltr'><strong>ita</strong></span> <span class='ocrx_word' id='word_1_81' title='bbox 338 978 381 1014; x_wconf 85' lang='lat' dir='ltr'><strong>fit</strong></span> <span class='ocrx_word' id='word_1_82' title='bbox 407 983 475 1014; x_wconf 85' lang='lat' dir='ltr'><strong>aut</strong></span> <span class='ocrx_word' id='word_1_83' title='bbox 503 978 648 1013; x_wconf 86' lang='lat' dir='ltr'><strong>dicitur</strong></span> <span class='ocrx_word' id='word_1_84' title='bbox 676 989 792 1013; x_wconf 87' lang='lat' dir='ltr'><strong>omne</strong></span> <span class='ocrx_word' id='word_1_85' title='bbox 820 976 944 1012; x_wconf 87' lang='lat' dir='ltr'><strong>officio</strong></span> <span class='ocrx_word' id='word_1_86' title='bbox 969 979 1205 1012; x_wconf 78' lang='lat' dir='ltr'><strong>continetur.</strong></span> <span class='ocrx_word' id='word_1_87' title='bbox 1266 976 1323 1013; x_wconf 88' lang='lat' dir='ltr'><strong>Ex</strong></span> <span class='ocrx_word' id='word_1_88' title='bbox 1344 990 1422 1022; x_wconf 88' lang='lat' dir='ltr'><strong>quo</strong></span> 
     </span>
     <span class='ocr_line' id='line_1_13' title="bbox 258 1060 1422 1106; baseline 0 -9"><span class='ocrx_word' id='word_1_89' title='bbox 258 1061 508 1105; x_wconf 81' lang='lat' dir='ltr'><strong>intellegitur</strong></span> <span class='ocrx_word' id='word_1_90' title='bbox 529 1063 714 1105; x_wconf 82' lang='lat' dir='ltr'><strong>quoniam</strong></span> <span class='ocrx_word' id='word_1_91' title='bbox 739 1072 780 1096; x_wconf 88' lang='lat' dir='ltr'><strong>se</strong></span> <span class='ocrx_word' id='word_1_92' title='bbox 806 1062 879 1105; x_wconf 88' lang='lat' dir='ltr'><strong>ipsi</strong></span> <span class='ocrx_word' id='word_1_93' title='bbox 907 1071 1044 1095; x_wconf 88' lang='lat' dir='ltr'><strong>omnes</strong></span> <span class='ocrx_word' id='word_1_94' title='bbox 1071 1064 1211 1095; x_wconf 79' lang='lat' dir='ltr'><strong>natura</strong></span> <span class='ocrx_word' id='word_1_95' title='bbox 1241 1060 1422 1106; x_wconf 82' lang='lat' dir='ltr'><strong>diligant,</strong></span> 
     </span>
     <span class='ocr_line' id='line_1_14' title="bbox 256 1145 1423 1189; baseline 0.001 -9"><span class='ocrx_word' id='word_1_96' title='bbox 256 1149 337 1181; x_wconf 83' lang='lat' dir='ltr'><strong>tam</strong></span> <span class='ocrx_word' id='word_1_97' title='bbox 369 1146 625 1189; x_wconf 82' lang='lat' dir='ltr'><strong>insipientem</strong></span> <span class='ocrx_word' id='word_1_98' title='bbox 658 1156 775 1188; x_wconf 83' lang='lat' dir='ltr'><strong>quam</strong></span> <span class='ocrx_word' id='word_1_99' title='bbox 808 1145 1028 1188; x_wconf 79' lang='lat' dir='ltr'><strong>sapientem</strong></span> <span class='ocrx_word' id='word_1_100' title='bbox 1054 1148 1303 1188; x_wconf 83' lang='lat' dir='ltr'><strong>sumpturum</strong></span> <span class='ocrx_word' id='word_1_101' title='bbox 1324 1157 1423 1188; x_wconf 88' lang='lat' dir='ltr'><strong>quae</strong></span> 
     </span>
     <span class='ocr_line' id='line_1_15' title="bbox 257 1226 1424 1270; baseline 0 -7"><span class='ocrx_word' id='word_1_102' title='bbox 257 1227 472 1264; x_wconf 76' lang='lat' dir='ltr'><strong>secundum</strong></span> <span class='ocrx_word' id='word_1_103' title='bbox 489 1231 670 1262; x_wconf 78' lang='lat' dir='ltr'><strong>naturam</strong></span> <span class='ocrx_word' id='word_1_104' title='bbox 692 1228 771 1261; x_wconf 85' lang='lat' dir='ltr'><strong>sint</strong></span> <span class='ocrx_word' id='word_1_105' title='bbox 792 1228 1111 1270; x_wconf 75' lang='lat' dir='ltr'><strong>reiecturumque</strong></span> <span class='ocrx_word' id='word_1_106' title='bbox 1129 1229 1331 1262; x_wconf 84' lang='lat' dir='ltr'><strong>contraria.</strong></span> <span class='ocrx_word' id='word_1_107' title='bbox 1364 1226 1424 1263; x_wconf 87' lang='lat' dir='ltr'><strong>Ita</strong></span> 
     </span>
     <span class='ocr_line' id='line_1_16' title="bbox 256 1309 1422 1356; baseline -0.001 -9"><span class='ocrx_word' id='word_1_108' title='bbox 256 1315 316 1347; x_wconf 80' lang='lat' dir='ltr'><strong>est</strong></span> <span class='ocrx_word' id='word_1_109' title='bbox 356 1310 554 1356; x_wconf 83' lang='lat' dir='ltr'><strong>quoddam</strong></span> <span class='ocrx_word' id='word_1_110' title='bbox 590 1321 798 1345; x_wconf 89' lang='lat' dir='ltr'><strong>commune</strong></span> <span class='ocrx_word' id='word_1_111' title='bbox 834 1309 1002 1344; x_wconf 87' lang='lat' dir='ltr'><strong>officium</strong></span> <span class='ocrx_word' id='word_1_112' title='bbox 1037 1311 1225 1353; x_wconf 83' lang='lat' dir='ltr'><strong>sapientis</strong></span> <span class='ocrx_word' id='word_1_113' title='bbox 1260 1314 1300 1346; x_wconf 89' lang='lat' dir='ltr'><strong>et</strong></span> <span class='ocrx_word' id='word_1_114' title='bbox 1332 1313 1422 1347; x_wconf 79' lang='lat' dir='ltr'><strong>insi-</strong></span> 
     </span>
     <span class='ocr_line' id='line_1_17' title="bbox 254 1392 1422 1440; baseline 0 -10"><span class='ocrx_word' id='word_1_115' title='bbox 254 1397 425 1440; x_wconf 77' lang='lat' dir='ltr'><strong>pientis;</strong></span> <span class='ocrx_word' id='word_1_116' title='bbox 453 1406 501 1429; x_wconf 87' lang='lat' dir='ltr'><strong>ex</strong></span> <span class='ocrx_word' id='word_1_117' title='bbox 533 1405 611 1437; x_wconf 92' lang='lat' dir='ltr'><strong>quo</strong></span> <span class='ocrx_word' id='word_1_118' title='bbox 644 1392 808 1428; x_wconf 80' lang='lat' dir='ltr'><strong>eflicitur</strong></span> <span class='ocrx_word' id='word_1_119' title='bbox 840 1394 983 1427; x_wconf 77' lang='lat' dir='ltr'><strong>versari</strong></span> <span class='ocrx_word' id='word_1_120' title='bbox 1016 1394 1057 1427; x_wconf 91' lang='lat' dir='ltr'><strong>in</strong></span> <span class='ocrx_word' id='word_1_121' title='bbox 1088 1394 1134 1427; x_wconf 81' lang='lat' dir='ltr'><strong>iis</strong></span> <span class='ocrx_word' id='word_1_122' title='bbox 1165 1405 1265 1437; x_wconf 86' lang='lat' dir='ltr'><strong>quae</strong></span> <span class='ocrx_word' id='word_1_123' title='bbox 1292 1394 1422 1430; x_wconf 88' lang='lat' dir='ltr'><strong>media</strong></span> 
     </span>
     <span class='ocr_line' id='line_1_18' title="bbox 257 1470 1421 1516; baseline -0.001 -6"><span class='ocrx_word' id='word_1_124' title='bbox 257 1475 442 1511; x_wconf 82' lang='lat' dir='ltr'><strong>dicamus.</strong></span> <span class='ocrx_word' id='word_1_125' title='bbox 522 1471 601 1509; x_wconf 89' lang='lat' dir='ltr'><strong>Sed</strong></span> <span class='ocrx_word' id='word_1_126' title='bbox 640 1484 729 1507; x_wconf 93' lang='lat' dir='ltr'><strong>cum</strong></span> <span class='ocrx_word' id='word_1_127' title='bbox 768 1471 817 1506; x_wconf 86' lang='lat' dir='ltr'><strong>ab</strong></span> <span class='ocrx_word' id='word_1_128' title='bbox 855 1470 915 1506; x_wconf 81' lang='lat' dir='ltr'><strong>his</strong></span> <span class='ocrx_word' id='word_1_129' title='bbox 955 1473 1084 1507; x_wconf 89' lang='lat' dir='ltr'><strong>omnia</strong></span> <span class='ocrx_word' id='word_1_130' title='bbox 1127 1471 1421 1516; x_wconf 82' lang='lat' dir='ltr'><strong>proficiscantur</strong></span> 
     </span>
     <span class='ocr_line' id='line_1_19' title="bbox 256 1550 1421 1594; baseline -0.002 -4"><span class='ocrx_word' id='word_1_131' title='bbox 256 1555 391 1594; x_wconf 83' lang='lat' dir='ltr'><strong>officia,</strong></span> <span class='ocrx_word' id='word_1_132' title='bbox 419 1565 498 1588; x_wconf 89' lang='lat' dir='ltr'><strong>non</strong></span> <span class='ocrx_word' id='word_1_133' title='bbox 526 1554 610 1588; x_wconf 85' lang='lat' dir='ltr'><strong>sine</strong></span> <span class='ocrx_word' id='word_1_134' title='bbox 637 1563 752 1587; x_wconf 84' lang='lat' dir='ltr'><strong>causa</strong></span> <span class='ocrx_word' id='word_1_135' title='bbox 783 1550 927 1586; x_wconf 83' lang='lat' dir='ltr'><strong>dicitur</strong></span> <span class='ocrx_word' id='word_1_136' title='bbox 957 1550 1007 1586; x_wconf 87' lang='lat' dir='ltr'><strong>ad</strong></span> <span class='ocrx_word' id='word_1_137' title='bbox 1040 1563 1085 1586; x_wconf 86' lang='lat' dir='ltr'><strong>ea</strong></span> <span class='ocrx_word' id='word_1_138' title='bbox 1116 1550 1253 1586; x_wconf 86' lang='lat' dir='ltr'><strong>referri</strong></span> <span class='ocrx_word' id='word_1_139' title='bbox 1285 1564 1421 1589; x_wconf 87' lang='lat' dir='ltr'><strong>omnes</strong></span> 
     </span>
     <span class='ocr_line' id='line_1_20' title="bbox 257 1629 1422 1676; baseline -0.002 -6"><span class='ocrx_word' id='word_1_140' title='bbox 257 1638 409 1671; x_wconf 78' lang='lat' dir='ltr'><strong>nostras</strong></span> <span class='ocrx_word' id='word_1_141' title='bbox 430 1633 705 1676; x_wconf 83' lang='lat' dir='ltr'><strong>cogitationes,</strong></span> <span class='ocrx_word' id='word_1_142' title='bbox 726 1632 767 1665; x_wconf 88' lang='lat' dir='ltr'><strong>in</strong></span> <span class='ocrx_word' id='word_1_143' title='bbox 787 1629 847 1666; x_wconf 83' lang='lat' dir='ltr'><strong>his</strong></span> <span class='ocrx_word' id='word_1_144' title='bbox 869 1634 910 1666; x_wconf 93' lang='lat' dir='ltr'><strong>et</strong></span> <span class='ocrx_word' id='word_1_145' title='bbox 931 1642 1134 1666; x_wconf 75' lang='lat' dir='ltr'><strong>excessum</strong></span> <span class='ocrx_word' id='word_1_146' title='bbox 1162 1642 1183 1666; x_wconf 86' lang='lat' dir='ltr'><strong>e</strong></span> <span class='ocrx_word' id='word_1_147' title='bbox 1208 1632 1287 1666; x_wconf 84' lang='lat' dir='ltr'><strong>vita</strong></span> <span class='ocrx_word' id='word_1_148' title='bbox 1314 1635 1355 1667; x_wconf 86' lang='lat' dir='ltr'><strong>et</strong></span> <span class='ocrx_word' id='word_1_149' title='bbox 1382 1634 1422 1668; x_wconf 89' lang='lat' dir='ltr'><strong>in</strong></span> 
     </span>
     <span class='ocr_line' id='line_1_21' title="bbox 258 1708 1422 1755; baseline -0.002 -7"><span class='ocrx_word' id='word_1_150' title='bbox 258 1715 338 1748; x_wconf 79' lang='lat' dir='ltr'><strong>vita</strong></span> <span class='ocrx_word' id='word_1_151' title='bbox 377 1712 633 1746; x_wconf 84' lang='lat' dir='ltr'><strong>mansionem.</strong></span> <span class='ocrx_word' id='word_1_152' title='bbox 697 1708 742 1744; x_wconf 95' lang='lat' dir='ltr'><strong>In</strong></span> <span class='ocrx_word' id='word_1_153' title='bbox 781 1721 858 1753; x_wconf 90' lang='lat' dir='ltr'><strong>quo</strong></span> <span class='ocrx_word' id='word_1_154' title='bbox 898 1711 1003 1744; x_wconf 90' lang='lat' dir='ltr'><strong>enim</strong></span> <span class='ocrx_word' id='word_1_155' title='bbox 1044 1708 1154 1753; x_wconf 83' lang='lat' dir='ltr'><strong>plura</strong></span> <span class='ocrx_word' id='word_1_156' title='bbox 1192 1714 1285 1745; x_wconf 83' lang='lat' dir='ltr'><strong>sunt</strong></span> <span class='ocrx_word' id='word_1_157' title='bbox 1322 1722 1422 1755; x_wconf 87' lang='lat' dir='ltr'><strong>quae</strong></span> 
     </span>
     <span class='ocr_line' id='line_1_22' title="bbox 258 1787 1422 1832; baseline -0.002 -5"><span class='ocrx_word' id='word_1_158' title='bbox 258 1789 476 1828; x_wconf 90' lang='lat' dir='ltr'><strong>secundum</strong></span> <span class='ocrx_word' id='word_1_159' title='bbox 504 1793 684 1824; x_wconf 80' lang='lat' dir='ltr'><strong>naturam</strong></span> <span class='ocrx_word' id='word_1_160' title='bbox 713 1793 818 1832; x_wconf 86' lang='lat' dir='ltr'><strong>sunt,</strong></span> <span class='ocrx_word' id='word_1_161' title='bbox 846 1787 961 1823; x_wconf 83' lang='lat' dir='ltr'><strong>huius</strong></span> <span class='ocrx_word' id='word_1_162' title='bbox 988 1788 1155 1823; x_wconf 85' lang='lat' dir='ltr'><strong>officium</strong></span> <span class='ocrx_word' id='word_1_163' title='bbox 1183 1792 1244 1824; x_wconf 84' lang='lat' dir='ltr'><strong>est</strong></span> <span class='ocrx_word' id='word_1_164' title='bbox 1271 1790 1310 1824; x_wconf 90' lang='lat' dir='ltr'><strong>in</strong></span> <span class='ocrx_word' id='word_1_165' title='bbox 1342 1791 1422 1825; x_wconf 82' lang='lat' dir='ltr'><strong>vita</strong></span> 
     </span>
     <span class='ocr_line' id='line_1_23' title="bbox 257 1866 1423 1912; baseline -0.001 -6"><span class='ocrx_word' id='word_1_166' title='bbox 257 1881 440 1912; x_wconf 81' lang='lat' dir='ltr'><strong>manere3</strong></span> <span class='ocrx_word' id='word_1_167' title='bbox 466 1871 506 1903; x_wconf 89' lang='lat' dir='ltr'><strong>in</strong></span> <span class='ocrx_word' id='word_1_168' title='bbox 534 1879 611 1912; x_wconf 89' lang='lat' dir='ltr'><strong>quo</strong></span> <span class='ocrx_word' id='word_1_169' title='bbox 638 1871 772 1902; x_wconf 87' lang='lat' dir='ltr'><strong>autem</strong></span> <span class='ocrx_word' id='word_1_170' title='bbox 799 1871 867 1902; x_wconf 87' lang='lat' dir='ltr'><strong>aut</strong></span> <span class='ocrx_word' id='word_1_171' title='bbox 894 1871 987 1902; x_wconf 87' lang='lat' dir='ltr'><strong>sunt</strong></span> <span class='ocrx_word' id='word_1_172' title='bbox 1011 1866 1121 1911; x_wconf 86' lang='lat' dir='ltr'><strong>plura</strong></span> <span class='ocrx_word' id='word_1_173' title='bbox 1142 1870 1335 1903; x_wconf 85' lang='lat' dir='ltr'><strong>contraria</strong></span> <span class='ocrx_word' id='word_1_174' title='bbox 1354 1873 1423 1905; x_wconf 79' lang='lat' dir='ltr'><strong>aut</strong></span> 
     </span>
     <span class='ocr_line' id='line_1_24' title="bbox 258 1945 1417 1991; baseline -0.003 -5"><span class='ocrx_word' id='word_1_175' title='bbox 258 1951 340 1986; x_wconf 76' lang='lat' dir='ltr'><strong>fore</strong></span> <span class='ocrx_word' id='word_1_176' title='bbox 369 1947 568 1991; x_wconf 87' lang='lat' dir='ltr'><strong>videntur,</strong></span> <span class='ocrx_word' id='word_1_177' title='bbox 600 1945 715 1982; x_wconf 76' lang='lat' dir='ltr'><strong>huius</strong></span> <span class='ocrx_word' id='word_1_178' title='bbox 747 1946 915 1981; x_wconf 70' lang='lat' dir='ltr'><strong>officium</strong></span> <span class='ocrx_word' id='word_1_179' title='bbox 949 1950 1010 1982; x_wconf 87' lang='lat' dir='ltr'><strong>est</strong></span> <span class='ocrx_word' id='word_1_180' title='bbox 1044 1958 1065 1982; x_wconf 90' lang='lat' dir='ltr'><strong>e</strong></span> <span class='ocrx_word' id='word_1_181' title='bbox 1100 1948 1179 1982; x_wconf 81' lang='lat' dir='ltr'><strong>vita</strong></span> <span class='ocrx_word' id='word_1_182' title='bbox 1214 1946 1417 1984; x_wconf 84' lang='lat' dir='ltr'><strong>excedere.</strong></span> 
     </span>
    </p>
   </div>
   <div class='ocr_carea' id='block_1_3' title="bbox 257 2025 1417 2119">
    <p class='ocr_par' dir='ltr' id='par_1_3' title="bbox 257 2025 1417 2119">
     <span class='ocr_line' id='line_1_25' title="bbox 257 2025 1417 2074; baseline -0.003 -8"><span class='ocrx_word' id='word_1_183' title='bbox 257 2030 290 2066; x_wconf 89' lang='lat' dir='ltr'>E</span> <span class='ocrx_word' id='word_1_184' title='bbox 316 2041 393 2074; x_wconf 89' lang='lat' dir='ltr'><strong>quo</strong></span> <span class='ocrx_word' id='word_1_185' title='bbox 419 2030 583 2072; x_wconf 81' lang='lat' dir='ltr'><strong>apparet</strong></span> <span class='ocrx_word' id='word_1_186' title='bbox 610 2030 652 2062; x_wconf 85' lang='lat' dir='ltr'><strong>et</strong></span> <span class='ocrx_word' id='word_1_187' title='bbox 678 2027 865 2070; x_wconf 81' lang='lat' dir='ltr'><strong>sapientis</strong></span> <span class='ocrx_word' id='word_1_188' title='bbox 893 2038 978 2061; x_wconf 78' lang='lat' dir='ltr'><strong>esse</strong></span> <span class='ocrx_word' id='word_1_189' title='bbox 1010 2025 1220 2070; x_wconf 87' lang='lat' dir='ltr'><strong>aliquando</strong></span> <span class='ocrx_word' id='word_1_190' title='bbox 1251 2026 1417 2062; x_wconf 84' lang='lat' dir='ltr'><strong>officium</strong></span> 
     </span>
     <span class='ocr_line' id='line_1_26' title="bbox 364 2086 440 2119; baseline 0 0"><span class='ocrx_word' id='word_1_191' title='bbox 364 2086 440 2119; x_wconf 73' lang='lat'><strong>278</strong></span> 
     </span>
    </p>
   </div>
  </div>
 </body>
</html>
