1574 2364
221 1100 270 1132 43

606 149 801 186 CICERO
832 149 906 185 DE
937 149 1157 188 FINIBUS

298 233 506 273 rationem,
528 231 579 266 sit
604 230 646 264 in
675 241 754 264 una
780 230 927 265 virtute
956 228 1043 265 finis
1072 229 1286 274 bonorum3
1315 232 1375 266 sin
1402 234 1464 266 est

300 300 421 334 etiam
456 309 608 342 corpus,
642 298 718 331 ista
752 295 978 341 explanatio
1010 300 1175 333 naturae
1209 309 1354 342 nempe
1388 296 1462 333 hoe

300 364 476 401 effecerit
506 368 550 399 ut
571 376 617 399 ea
637 375 737 408 quae
757 367 850 399 ante
880 362 1199 408 explanationem
1228 363 1463 400 tenebamus

301 430 580 475 relinquamus.
654 428 760 473 Ergo
798 428 839 465 id
878 433 940 465 est
977 432 1262 466 convenienter
1299 433 1464 466 naturae

301 500 447 541 vivere,
467 509 489 532 a
509 500 651 532 natura
676 495 892 532 discedere.
956 496 1013 533 Ut
1041 495 1201 541 quidam
1227 495 1464 541 philosophi,

302 577 391 600 curn
411 576 433 599 a
453 563 631 599 sensibus
651 561 819 607 profecti
833 564 978 598 maiora
998 561 1192 607 quaedam
1213 567 1255 598 et
1274 562 1464 598 diviniora

301 630 504 674 vidissent,
526 641 662 665 sensus
682 628 943 674 reliquerunt,
965 631 1018 664 sic
1039 631 1116 673 isti,
1133 641 1222 665 cum
1243 641 1290 665 ex
1310 632 1463 675 appeti-

300 700 409 734 tione
457 692 587 732 1³erum
629 697 784 731 virtutis
827 695 1166 741 pulchritudinem
1206 698 1465 742 aspexissent,

300 766 431 801 omnia
451 776 551 809 quae
579 766 736 808 praeter
756 765 944 799 virtutem
966 765 1091 808 ipsam
1111 762 1292 799 viderant
1312 763 1465 800 abiece-

300 836 406 875 runt,
437 829 551 866 obliti
584 834 765 865 naturam
795 841 955 865 omnem
988 829 1304 874 appetendarum
1334 842 1465 866 rerum

301 902 355 935 ita
385 897 466 934 late
493 901 630 942 patere
657 900 702 932 ut
728 909 751 932 a
780 898 982 941 principiis
1010 900 1261 941 permanaret
1284 896 1334 932 ad
1356 897 1464 941 fines,

302 977 432 1010 neque
472 963 717 1007 intellegunt
755 975 796 999 se
835 976 966 998 rerum
1012 962 1168 998 illarum
1213 962 1465 1008 pulchrarum

300 1037 419 1076 atque
440 1029 728 1066 admirabilium
750 1029 1010 1065 fundamenta
1030 1028 1259 1065 subducere.

357 1094 462 1130 XVI.
495 1084 672 1138 “Itaque
704 1092 801 1128 mihi
833 1092 1018 1128 videntur
1049 1105 1186 1128 omnes
1218 1092 1379 1137 quidem
1409 1093 1465 1129 illi

302 1169 450 1194 errasse
482 1159 549 1201 qui
581 1156 699 1191 finem
719 1153 924 1191 ¹bonorum
959 1168 1044 1191 esse
1078 1155 1266 1191 dixerunt
1299 1155 1466 1192 honeste

302 1224 446 1264 vivere,
463 1218 532 1254 sed
553 1218 651 1254 alius
672 1218 748 1253 alio
768 1221 912 1262 magis3
945 1217 1093 1263 Pyrrho
1114 1217 1264 1254 seilicet
1284 1221 1466 1263 maxime,

300 1286 365 1329 qui
388 1285 534 1317 virtute
550 1283 766 1317 constituta
780 1281 877 1316 nihil
899 1284 1059 1316 omnino
1072 1280 1176 1325 quod
1197 1281 1467 1326 appetendum

300 1349 351 1383 sit
385 1345 603 1389 relinquat;
645 1343 792 1379 deinde
827 1344 973 1388 Aristo,
1009 1346 1074 1388 qui
1109 1343 1207 1379 nihil
1242 1343 1467 1389 relinquere

301 1422 380 1445 non
414 1412 475 1444 est
506 1419 634 1451 ausus,
655 1406 877 1442 introduxit
908 1411 1055 1451 autem,
1077 1407 1217 1451 quibus
1249 1412 1467 1443 commotus

299 1475 454 1517 sapiens
474 1475 684 1515 appeteret
704 1469 865 1514 aliquid,
889 1461 1205 1514 ‘quodcumquel
1228 1472 1268 1505 in
1288 1475 1466 1506 mentem

299 1533 512 1571 incideret’
532 1538 574 1569 et
595 1523 892 1578 ‘quodcumque
913 1537 1114 1577 tamquam
1135 1532 1384 1569 occurreret.'
1428 1533 1465 1570 Is

298 1598 371 1634 hoe
392 1597 532 1633 melior
551 1609 668 1641 quam
697 1594 846 1640 Pyrrho
867 1595 972 1640 quod
997 1586 1180 1640 aliquod2
1199 1607 1326 1640 genus
1345 1608 1464 1641 appe-

298 1660 411 1697 tendi
445 1659 570 1704 dedit,
603 1658 777 1694 deterior
811 1671 927 1703 quam
963 1660 1086 1694 ceteri
1117 1657 1222 1702 quod
1253 1661 1412 1703 penitus
1442 1672 1464 1694 a

297 1728 438 1759 natura
459 1725 633 1758 recessit.
694 1721 816 1758 Stoici
837 1726 971 1757 autem
993 1721 1098 1766 quod
1126 1720 1245 1756 finem
1271 1721 1463 1757 bonorum

297 1789 337 1822 in
370 1798 447 1821 una
473 1787 621 1820 virtute
652 1788 819 1829 ponunt,
851 1783 997 1824 similes
1029 1788 1122 1819 sunt
1150 1782 1326 1827 illorum3
1357 1784 1462 1829 quod

296 1853 430 1885 autem
478 1849 715 1893 principium
762 1847 861 1882 offici
900 1851 1109 1892 quaerunt,
1156 1846 1297 1883 melius
1344 1859 1461 1892 quam

346 1955 604 1996 ¹quodcumque
627 1953 721 1990 edd.,
741 1953 784 1985 cf.
805 1954 895 1994 §47;
920 1955 1013 1994 quod
1025 1954 1149 1994 cuique
1166 1953 1267 1984 MSS.

302 1998 460 2081 [ἶέἥιέιοὶῖ
473 1997 623 2072 ffilgzrtod
648 1997 687 2045 Β,
715 1997 760 2033 Ε;
794 1997 887 2037 quod
906 1997 963 2028 vel
986 1997 1131 2037 aliquod
1151 1996 1208 2028 inf.
1230 1995 1349 2033 MSS.;
1372 1997 1464 2037 quod

405 2093 482 2130 346
