1574 2364
209 242 282 276 114

207 1031 280 1064 115

621 157 817 195 CICERO
849 157 923 194 DE
954 157 1173 196 FlNIBUS

312 242 445 275 tutum
466 237 535 275 sed
552 239 721 273 ministri
737 240 858 274 etiam
873 237 1125 274 videbuntur.
1158 235 1276 283 Quod
1291 239 1322 274 si
1339 239 1379 273 in
1394 239 1479 283 ipso

313 317 473 349 corpore
500 303 627 340 multa
647 302 842 348 voluptati
869 303 1149 349 praeponenda
1173 308 1279 349 sunt,
1299 308 1345 340 ut
1365 305 1477 348 vires,

312 370 510 414 valetudo,
550 369 750 414 velocitas,
791 369 1056 416 pulchritudo,
1096 369 1191 416 quid
1235 369 1398 407 tandem
1436 372 1476 405 in

311 439 450 472 animis
467 436 628 472 censes?
649 438 689 472 in
710 436 851 480 quibus
872 436 1088 473 doctissimi
1108 436 1166 473 illi
1179 441 1333 473 veteres
1349 438 1477 473 inesse

312 502 500 548 quiddam
525 502 697 539 caeleste
719 507 761 539 et
787 502 965 539 divinum
991 507 1242 548 putaverunt.
1302 502 1420 547 Quod
1447 503 1478 539 si

312 574 417 606 esset
464 571 505 604 in
552 567 757 613 voluptate
806 581 1002 605 summum
1045 569 1205 614 bonum,
1245 573 1291 605 ut
1333 568 1477 614 dicitis,

311 635 485 681 optabile
526 639 631 671 esset
669 637 709 670 in
748 637 917 671 maxima
958 635 1162 681 voluptate
1202 635 1312 672 nullo
1355 637 1476 672 inter-

311 701 412 738 vallo
443 703 655 738 interiecto
689 699 773 737 dies
805 705 1021 746 noctesque
1042 703 1200 746 versari,
1221 715 1310 738 cum
1342 714 1478 738 omnes

311 780 446 805 sensus
485 767 697 805 dulcedine
737 769 843 803 omni
878 770 987 812 quasi
1026 767 1174 813 perfusi
1211 772 1476 804 moverentur·

311 831 410 877 Quis
442 835 503 868 est
533 835 666 867 autem
698 829 841 876 dignus
876 833 1036 868 nomine
1062 830 1232 867 hominis
1258 833 1324 876 qui
1356 844 1477 867 unum

311 893 418 931 diem
449 898 579 931 totum
613 893 710 930 velit
744 905 829 930 esse
868 895 908 929 in
947 905 1096 938 genere
1130 895 1206 930 isto
1240 893 1476 939 voluptatis?

312 961 515 1006 Cyrenaici
547 958 708 1006 quidem
736 972 815 995 non
850 963 1053 1003 recusant3
1089 961 1208 996 vestri
1242 958 1340 996 haec
1366 972 1476 996 vere-

312 1026 491 1071 cundius,
530 1026 586 1062 illi
626 1025 791 1062 fortasse
831 1027 1086 1062 constantius.
1148 1024 1227 1062 Sed
1265 1024 1476 1062 lustremus

310 1096 442 1130 animo
473 1105 552 1130 non
584 1092 654 1129 has
683 1094 871 1129 maximas
898 1096 1005 1129 artes
1035 1091 1176 1137 quibus
1200 1093 1266 1137 qui
1291 1091 1477 1128 carebant

311 1160 458 1194 inertes
485 1169 507 1192 a
533 1156 744 1192 maioribus
768 1155 1088 1200 nominabantur,
1110 1153 1180 1191 sed
1207 1167 1351 1200 quaero
1380 1167 1475 1191 num

311 1222 525 1264 existimes,
545 1231 624 1255 non
645 1218 732 1255 dico
762 1218 995 1263 Homerum,
1017 1216 1313 1262 Archilochum,
1335 1216 1474 1254 Pinda-

310 1295 408 1326 rum,
429 1281 499 1318 sed
521 1281 700 1326 Phidian,
717 1280 965 1326 Polyclitum,
979 1280 1141 1317 Zeuxim
1161 1280 1211 1317 ad
1230 1279 1473 1325 voluptatem

311 1350 415 1382 artes
435 1357 521 1380 suas
542 1343 740 1380 direxisse.
801 1343 906 1388 Ergo
927 1343 1059 1389 opifex
1080 1343 1167 1388 plus
1187 1343 1260 1379 sibi
1280 1347 1475 1388 proponet

310 1407 359 1444 ad
390 1407 602 1443 formarum
623 1419 739 1452 quam
760 1409 852 1442 civis
874 1405 1073 1442 excellens
1093 1405 1143 1442 ad
1170 1404 1362 1442 factorum
1388 1404 1474 1450 pul*-

310 1469 601 1507 chritudinem?
659 1468 771 1514 Quae
809 1473 944 1505 autem
979 1473 1040 1505 est
1077 1467 1153 1504 alia
1184 1481 1298 1504 causa
1336 1470 1474 1504 erroris

310 1536 426 1577 tanti,
460 1537 541 1568 tam
579 1531 698 1577 longe
737 1531 896 1577 lateque
928 1530 1071 1576 diffusi,
1102 1533 1177 1568 nisi
1207 1529 1313 1576 quod
1343 1532 1374 1566 is
1406 1532 1473 1576 qui

310 1595 555 1640 voluptatem
582 1607 778 1631 summum
805 1594 952 1630 bonum
973 1606 1058 1630 esse
1079 1593 1261 1631 decernit
1283 1606 1363 1630 non
1383 1606 1472 1631 cum

311 1671 357 1695 ea
387 1662 499 1703 parte
531 1659 650 1692 animi
682 1660 723 1693 in
750 1669 826 1702 qua
852 1659 957 1693 inest
983 1659 1083 1693 ratio
1109 1660 1230 1702 atque
1254 1655 1472 1700 consilium,

309 1720 379 1758 sed
399 1733 488 1756 cum
509 1720 741 1765 cupiditate,
759 1719 799 1755 id
820 1724 882 1756 est
901 1732 990 1756 cum
1010 1721 1131 1755 animi
1150 1719 1345 1756 levissima
1360 1723 1472 1764 parte

310 1783 527 1820 deliberat?
585 1782 742 1827 Quaero
775 1784 881 1818 enim
912 1781 962 1819 de
990 1787 1045 1826 te,
1069 1784 1100 1819 si
1131 1786 1224 1818 sunt
1252 1781 1306 1826 di,
1333 1786 1378 1817 ut
1404 1793 1470 1817 vos

310 1849 430 1883 etiam
459 1848 620 1891 putatis,
642 1848 707 1889 qui
729 1847 880 1889 possint
901 1857 987 1882 esse
1007 1844 1114 1882 beati
1134 1857 1223 1881 cum
1244 1843 1469 1889 voluptates

309 1921 469 1954 corpore
490 1911 692 1953 percipere
714 1919 793 1943 non
814 1910 977 1953 possint,
998 1912 1067 1944 aut
1087 1910 1118 1944 si
1139 1910 1222 1944 sine
1248 1919 1295 1943 eo
1320 1918 1468 1951 genere

307 1971 521 2017 voluptatis
555 1971 662 2007 beati
693 1974 798 2015 sunt,
830 1982 899 2006 cur
929 1969 1098 2007 similem
1131 1972 1251 2006 animi
1283 1981 1396 2005 usum
1427 1970 1468 2004 in

307 2037 486 2080 sapiente
507 2046 592 2071 esse
612 2032 757 2070 nolitis.

610 2140 625 2157 ⁸
641 2129 698 2167 Le.
715 2134 778 2166 the
794 2132 943 2171 virtues,
961 2132 1008 2165 cf.
1026 2132 1088 2164 IV.
1105 2142 1138 2171 4.

365 2178 441 2216 206
