1574 2364
605 155 800 192 CICERO
833 154 906 190 DE
938 154 1156 192 FINIBUS

295 237 456 272 intersit
470 235 654 280 intellegi
676 239 718 271 et
739 239 872 280 potest
892 239 934 271 et
954 234 1086 271 debet.
1132 234 1237 279 Ergo
1258 236 1297 269 in
1318 233 1461 278 guber-

295 298 427 335 nando
443 298 556 343 nihil,
570 301 610 334 in
625 298 748 334 officio
761 297 974 343 plurimum
989 300 1158 334 interest
1171 310 1247 342 quo
1261 298 1300 332 in
1314 308 1463 340 genere

296 366 496 407 peccetur.
539 361 592 397 Et
608 363 639 397 si
656 363 696 397 in
717 363 801 406 ipsa
816 361 1107 405 gubernatione
1122 359 1382 404 neglegentia
1403 363 1463 394 est

296 427 405 460 navis
438 437 586 469 eversa,
607 426 732 460 maius
760 428 821 460 est
855 428 1062 468 peccatum
1091 426 1130 458 in
1157 436 1250 458 auro
1275 435 1391 467 quam
1423 424 1460 456 in

298 487 421 532 palea.
483 487 678 524 Omnibus
709 489 815 523 enim
844 486 994 522 artibus
1022 485 1201 522 volumus
1229 485 1463 521 attributam

297 563 382 586 esse
432 563 518 586 eam
563 563 663 595 quae
707 551 926 586 communis
969 548 1193 594 appellatur
1236 547 1463 593 prudentia,

297 626 414 658 quam
445 626 582 649 omnes
614 615 680 658 qui
713 604 877 657 cuiquc¹
898 611 1063 648 artificio
1093 615 1284 656 praesunt
1312 609 1463 646 debent

296 676 453 713 habere.
517 676 578 712 Ita
610 689 660 713 ne
693 675 767 712 hoc
800 675 961 720 quidem
993 675 1111 711 modo
1142 667 1272 720 paria2
1302 678 1463 719 peccata

295 743 398 776 sunt.

217 804 263 841 77
352 802 542 837 XXVIII.
576 792 798 847 “Urguent
847 807 980 838 tamen
1020 806 1062 837 et
1101 800 1198 836 nihil
1240 802 1464 843 remittunt,

298 864 509 910 Quoniam,
532 867 730 910 inquiunt,
752 878 868 901 mnne
892 869 1098 909 peccatum
1120 863 1404 899 imbecillitatis
1425 866 1466 897 et

297 929 587 964 inconstantiae
606 932 679 971 est,
696 927 793 963 haec
810 932 944 963 autem
962 929 1056 962 vitia
1076 929 1116 962 in
1138 926 1319 962 omnibus
1334 924 1466 961 stultis

296 1003 422 1036 aeque
451 1003 595 1035 magna
624 994 730 1034 sunt,
758 1003 919 1026 necesse
948 994 1008 1026 est
1039 992 1145 1034 paria
1174 1002 1259 1025 esse
1289 992 1462 1033 peccata.

298 1052 420 1098 Quasi
441 1066 534 1090 vero
553 1057 623 1089 aut
650 1053 890 1089 concedatur
911 1055 950 1088 in
972 1052 1154 1088 omnibus
1181 1051 1313 1088 stultis
1339 1064 1463 1095 aeque

297 1129 440 1161 magna
454 1129 538 1152 esse
553 1118 647 1152 vitia
657 1121 698 1152 et
708 1116 847 1152 eadem
858 1116 1131 1152 imbecillitate
1146 1119 1188 1152 et
1201 1116 1465 1151 inconstantia

299 1180 339 1215 L.
364 1179 563 1215 Tubulum
586 1179 705 1216 fuisse
733 1192 809 1224 qua
836 1179 948 1215 illum
978 1181 1087 1215 cuius
1117 1181 1147 1214 is
1178 1177 1465 1214 condemnatus

298 1248 359 1279 est
379 1245 584 1288 rogatione
609 1242 647 1278 P.
673 1242 900 1279 Scaevolam
918 1255 925 1286 ;
961 1247 1002 1278 et
1029 1243 1138 1287 quasi
1159 1240 1257 1277 nihil
1279 1244 1383 1277 inter
1403 1253 1464 1276 res

297 1318 453 1350 quoque
488 1307 589 1350 ipsas
625 1307 664 1340 in
700 1305 841 1349 quibus
873 1309 1059 1350 peccatur
1093 1306 1264 1347 intersit,
1299 1308 1355 1348 ut,
1387 1316 1464 1348 quo

297 1368 370 1404 hae
399 1370 566 1404 maiores
594 1370 816 1404 minoresve
844 1370 936 1412 sint,
966 1381 1012 1404 eo
1045 1380 1145 1412 quae
1177 1371 1395 1412 peccentur
1424 1368 1464 1401 in

216 1433 265 1471 '78
296 1430 357 1467 his
378 1431 495 1467 rebus
516 1436 585 1467 aut
606 1433 750 1466 maiora
779 1433 857 1466 sint
884 1435 953 1466 aut
979 1429 1149 1466 minora!
1210 1429 1350 1474 Itaque
1371 1420 1465 1472 (iam

299 1497 406 1531 enim
428 1493 687 1530 concludatur
707 1486 849 1537 oratio)
871 1493 945 1529 hoc
967 1506 1045 1529 uno
1066 1495 1161 1528 vitio
1182 1494 1352 1528 maxime
1369 1491 1464 1527 1111111

298 1559 425 1602 premi
445 1557 633 1593 videntur
653 1559 711 1593 tui
734 1556 870 1601 Stoici,
891 1556 995 1601 quod
1017 1568 1057 1592 se
1079 1568 1192 1601 posse
1208 1560 1352 1600 putant
1368 1554 1464 1591 duas

298 1622 512 1656 contrarias
533 1622 754 1656 sententias
775 1620 967 1656 obtinere.
1029 1618 1136 1663 Quid
1165 1621 1269 1654 enim
1298 1623 1358 1654 est
1385 1623 1464 1654 tarn

299 1698 526 1731 repugnans
547 1699 665 1731 quam
687 1685 861 1722 eundem
883 1685 1015 1721 dicere
1044 1683 1150 1729 quod
1177 1683 1387 1720 honestum
1417 1685 1467 1719 sit

300 1749 426 1786 solum
448 1748 488 1785 id
509 1748 658 1784 bonum
679 1761 777 1793 esse,
799 1750 866 1793 qui
887 1748 994 1784 dicat
1021 1750 1310 1793 appetitionem
1336 1759 1466 1783 rerum

300 1812 348 1848 ad
369 1811 583 1847 vivendum
604 1811 989 1847 accommodatarum
1010 1824 1032 1846 a
1056 1815 1197 1846 natura
1224 1809 1466 1856 profectam?

305 1875 365 1910 Ita
386 1887 475 1910 cum
497 1887 542 1910 ea
562 1873 702 1910 volunt
723 1876 897 1910 retinere
919 1886 1019 1918 quae
1036 1875 1227 1918 superiori
1243 1874 1467 1909 sententiae

350 1953 435 1995 ¹qui
449 1954 574 1994 cuique
592 1953 708 1990 MSS„
730 1953 872 1988 Mallem
898 1953 1101 1993 cuicumque
1119 1952 1214 1982 Mdv.

347 1996 411 2028 ²ne
437 1996 499 2028 hoc
520 1997 660 2037 quidem
682 1997 777 2026 modo
797 1996 906 2036 paria
931 1996 1136 2032 Lambinus,
1165 1996 1306 2031 Miiller;
1343 2006 1385 2026 ne
1411 1994 1471 2025 hoc

307 2040 402 2071 modo
413 2040 521 2081 paria
538 2040 678 2081 quidem
697 2039 813 2077 MSS„
835 2039 930 2070 Mdv.

411 2102 488 2134 384
