1574 2364
210 265 259 300 53

210 908 261 941 54

288 1664 450 1710 placuit,
469 1663 647 1709 pluribus
668 1663 796 1700 verbis
817 1663 950 1700 dicere
971 1663 1075 1709 quod
1096 1676 1175 1700 uno
1201 1677 1281 1700 non
1307 1667 1454 1710 poteri-

588 122 784 159 CICERO
815 122 889 158 DE
919 122 1138 160 FINIBUS

287 216 377 249 pua,
403 207 446 239 et
475 201 542 238 illa
570 204 728 238 reiecta.
791 200 846 238 Re
877 204 983 238 enim
1012 202 1220 239 intellecta
1248 204 1289 238 in
1319 203 1455 240 verbo·

289 274 375 297 rum
414 273 486 297 usu
525 259 660 296 faciles
700 272 785 296 esse
824 259 1025 297 debemus.
1087 259 1285 305 Quoniam
1323 266 1457 298 autem

290 332 408 356 omne
429 318 535 364 quod
551 323 612 355 est
627 318 775 354 bonum
791 321 962 364 primum
977 318 1107 355 locum
1122 323 1262 355 tenere
1279 319 1457 364 dicimus,

289 390 452 414 necesse
483 381 544 413 est
572 389 647 413 nec
675 377 824 413 bonum
854 389 938 413 esse
967 389 1042 413 nec
1071 377 1218 413 malum
1248 376 1322 413 1100
1353 378 1457 422 quod

289 437 557 481 praepositum
577 434 639 471 vel
669 437 925 481 praecipuum
954 437 1226 479 nominamus;
1255 435 1374 480 idque
1402 438 1457 472 ita

289 494 511 538 definimus,
550 492 656 538 quod
694 495 746 529 sit
784 492 1011 529 indifferens
1050 506 1139 529 cum
1181 496 1455 531 aestimatione

288 552 500 596 mediocri3
529 552 636 598 quod
666 554 771 588 enim
801 552 857 587 illi
888 551 1095 596 ἀδιάφορον
1121 552 1271 598 dicunt,
1296 553 1336 588 id
1359 553 1454 588 mihi

288 614 344 648 ita
378 613 548 647 occurrit
581 615 627 647 ut
660 610 889 647 indifferens
922 610 1107 647 dicerem.
1168 611 1309 656 Neque
1349 614 1453 648 enim

288 669 385 706 illud
403 669 485 706 fleri
505 673 663 715 poterat
683 669 763 705 ullo
783 669 900 705 modo
920 674 965 705 ut
985 669 1084 705 nihil
1104 669 1395 714 relinqueretur
1410 673 1455 706 'in

289 728 430 765 mediis
450 727 555 774 quod
575 732 644 764 aut
663 727 881 764 seeundum
901 733 1082 764 naturam
1103 733 1208 764 esset
1223 733 1291 764 aut
1307 734 1456 775 contra,

289 799 377 831 nec,
407 800 496 823 cum
527 786 567 822 id
599 786 903 831 relinqueretur,
933 785 1032 822 nihil
1064 789 1104 822 in
1136 786 1196 823 his
1227 789 1320 832 poni
1351 787 1456 832 quod

288 848 381 882 satis
398 844 643 881 aestimabile
660 849 777 889 esset,
794 858 868 880 nec
884 844 958 881 hoc
978 847 1106 890 posito
1125 858 1205 881 non
1225 845 1355 890 aliqua
1371 858 1455 883 esse

290 906 521 950 praeposita.
585 903 707 939 Recte
736 905 858 948 igitur
886 902 985 940 haee
1011 903 1116 939 facta
1141 903 1344 940 distinctio
1371 910 1455 950 est3

289 968 409 1009 atque
431 965 551 998 etiam
571 962 620 997 ab
640 964 685 997 iis
706 974 783 1006 quo
804 960 955 998 facilius
975 974 1037 998 res
1056 964 1225 1007 perspici
1241 965 1364 1008 possit
1380 962 1454 1000 1100

290 1020 416 1058 simile
443 1023 625 1066 ponitur:
658 1019 716 1056 Ut
742 1022 862 1064 enim,
882 1022 1080 1065 inquiunt,
1102 1023 1133 1056 si
1159 1020 1233 1056 1100
1260 1020 1452 1066 fingamus

290 1092 375 1117 esse
407 1081 516 1124 quasi
548 1078 668 1114 finem
699 1082 741 1115 et
773 1077 970 1123 ultimum,
1002 1081 1058 1114 ita
1090 1081 1218 1116 iacere
1248 1079 1373 1115 talum
1407 1085 1452 1117 ut

289 1143 421 1174 rectus
453 1139 622 1182 assistat,
657 1139 724 1182 qui
758 1139 813 1173 ita
846 1136 949 1173 talus
983 1140 1059 1173 erit
1091 1140 1216 1174 iactus
1254 1143 1300 1174 ut
1338 1138 1453 1175 cadat

289 1201 420 1233 rectus
449 1198 716 1241 praepositum
746 1195 935 1241 quiddam
961 1195 1125 1232 habebit
1149 1195 1199 1232 ad
1227 1196 1358 1241 finem,
1387 1199 1453 1242 qui

289 1255 404 1292 aliter
433 1259 582 1298 contra,
612 1267 743 1298 neque
773 1258 908 1290 tamen
938 1253 1005 1290 illa
1033 1257 1271 1300 praepositio
1302 1255 1372 1291 tali
1404 1255 1453 1292 ad

289 1327 381 1351 eum
410 1326 528 1358 quem
558 1312 639 1349 dixi
668 1312 788 1348 finem
817 1313 1048 1357 pertinebit,
1072 1315 1126 1349 sic
1157 1326 1203 1349 ea
1232 1326 1332 1358 quae
1362 1319 1456 1350 sunt

289 1373 511 1418 praeposita
537 1370 765 1407 referuntur
792 1370 860 1406 illa
889 1370 1049 1416 quidem
1078 1371 1128 1408 ad
1158 1371 1277 1408 finem
1307 1372 1376 1409 sed
1405 1372 1454 1409 ad

289 1433 373 1467 eius
394 1432 473 1466 vim
492 1435 754 1474 naturamque
774 1428 873 1465 nihil
894 1432 1111 1475 pertinent.

343 1479 568 1534 “Sequitur
601 1487 668 1523 illa
702 1487 853 1532 divisio,
884 1493 929 1523 ut
963 1488 1153 1524 bonorum
1187 1488 1262 1524 alia
1296 1491 1376 1525 sint
1404 1489 1453 1526 ad

287 1547 386 1584 illud
419 1547 605 1583 ultimum
637 1548 879 1592 pertinentia
915 1537 987 1590 (sie
1022 1549 1129 1582 enim
1161 1547 1318 1593 appello
1353 1561 1453 1592 quae

287 1604 421 1643 τελικά
451 1605 661 1648 dicuntur;
702 1618 794 1641 nam
831 1604 905 1641 hoe
944 1607 1073 1650 ipsum
1111 1608 1376 1651 instituamus,
1408 1610 1453 1642 ut

1399 1726 1449 1733 ——-

332 1760 348 1778 ὃ
365 1753 454 1790 Tali,
469 1754 541 1783 real
558 1763 598 1782 or
613 1752 789 1789 artifieiaI,
807 1763 897 1783 were
915 1753 1001 1783 used
1017 1764 1058 1783 as
1072 1753 1148 1783 dice
1163 1765 1170 1789 ;
1195 1753 1278 1794 they
1293 1753 1364 1784 had
1380 1753 1455 1785 four

291 1799 377 1838 long
399 1797 494 1828 sides
517 1795 590 1827 and
613 1801 683 1826 two
707 1795 851 1835 pointed
876 1795 985 1832 ends;
1010 1796 1049 1826 of
1070 1796 1128 1826 the
1153 1796 1248 1826 sides
1272 1802 1341 1826 two
1365 1807 1456 1827 were

293 1839 406 1872 broad
429 1839 501 1870 and
525 1844 596 1869 two
620 1849 772 1869 narrow.
821 1839 897 1869 The
921 1840 1016 1869 talus
1032 1849 1106 1869 was
1131 1839 1208 1869 said
1234 1844 1269 1870 to
1286 1839 1329 1870 be
1347 1843 1455 1870 reclus

292 1885 390 1915 when
407 1883 507 1924 lying
530 1892 575 1912 on
591 1892 612 1911 a
630 1891 771 1912 narrow
787 1881 875 1919 side,
894 1882 965 1912 and
976 1886 1110 1921 pronus
1126 1883 1226 1912 when
1244 1893 1289 1913 on
1305 1893 1326 1913 a
1344 1882 1456 1913 broad

290 1927 374 1959 side.
422 1926 521 1956 Thus
547 1923 667 1956 cadere
691 1927 812 1961 reclch,
832 1929 868 1955 to
891 1925 1005 1965 alight
1023 1925 1169 1966 upright
1186 1925 1286 1956 when
1303 1926 1453 1963 thrown,

290 1968 403 2002 would
419 1969 462 2000 be
477 1968 536 1999 the
553 1967 627 1998 first
646 1971 751 2007 stage
767 1967 927 1998 towards
943 1969 1104 2000 assistere
1121 1971 1242 2006 rectus,
1261 1973 1297 2000 to
1322 1968 1454 1999 remain

290 2012 460 2052 standing
476 2010 631 2052 upright.

396 2066 473 2101 272
