1574 2364
247 717 297 757 92

631 131 827 168 CICERO
860 131 933 167 DE
964 131 1183 169 FINIBUS

324 216 364 246 in
385 213 564 246 maximis
585 210 702 247 lucris
724 210 886 255 paulum
907 210 1057 256 aliquid
1077 211 1211 247 damni
1236 213 1488 247 contraxerit.

324 273 389 309 An
428 273 502 309 hoc
541 286 838 319 usquequaque,
874 273 990 310 aliter
1027 276 1069 310 in
1107 274 1211 310 vita?
1254 278 1296 310 et
1330 286 1410 309 non
1445 285 1492 309 ex

324 339 493 372 maxima
514 342 626 381 parte
649 336 698 373 de
720 341 805 372 tota
825 336 1040 373 iudicabis?
1071 350 1121 373 an
1139 337 1304 374 dubium
1321 341 1382 373 est
1398 338 1493 382 quin

326 402 447 436 virtus
468 402 524 436 ita
543 402 754 435 maximam
775 404 931 445 partem
952 400 1133 437 obtineat
1153 402 1193 436 in
1215 400 1332 436 rebus
1356 399 1494 435 huma-

327 465 384 498 nis
405 466 450 498 ut
470 461 639 507 reliquas
664 463 829 498 obruat?
886 462 1056 499 Audebo
1084 465 1205 507 igitur
1231 467 1368 499 cetera
1394 473 1494 507 quae

326 525 545 562 secundum
567 530 749 562 naturam
770 528 851 562 sint
871 526 974 562 bona
995 525 1195 571 appellare
1218 538 1292 562 nec
1314 524 1495 561 fraudare

327 601 396 625 suo
418 593 552 625 vetere
574 591 735 625 nomine
756 591 887 634 potius
908 602 1025 634 quam
1046 580 1227 634 aliquod1
1255 601 1401 625 novum
1429 600 1496 624 ex-

327 655 503 697 quirere;
534 655 691 689 virtutis
711 657 847 688 autem
867 652 1173 698 amplitudinem
1190 654 1300 697 quasi
1316 654 1357 687 in
1371 650 1497 687 altera

329 715 451 751 librae
483 715 595 751 lance
627 728 786 760 ponere.
846 715 1022 760 Terram,
1043 715 1141 751 mihi
1171 715 1303 759 crede,
1329 728 1375 751 ea
1404 713 1495 750 lanx

329 783 370 815 et
390 782 511 814 maria
532 779 741 824 deprimet.
802 779 969 824 Semper
990 781 1098 815 enim
1119 792 1167 815 ex
1190 791 1236 814 eo
1253 777 1359 823 quod
1375 779 1497 813 maxi-

329 855 411 878 mas
438 847 570 887 partes
598 845 781 878 continet
810 841 1081 887 latissimeque
1112 841 1296 878 funditur
1322 845 1408 877 tota
1435 852 1496 876 res

328 905 560 950 appellatur.
624 904 801 941 Dicimus
835 905 1008 950 aliquem
1044 904 1168 940 hilare
1204 907 1360 947 vivere3
1402 915 1496 947 ergo

330 970 359 1003 si
380 967 503 1004 semel
531 971 678 1004 tristior
705 967 868 1004 effectus
897 973 957 1004 est
985 967 1109 1003 hilara
1136 970 1216 1003 vita
1243 969 1384 1003 amissa
1411 966 1496 1002 est?

330 1030 385 1066 At
417 1030 490 1066 hoc
525 1033 565 1066 in
599 1043 645 1066 eo
678 1031 732 1066 M.
768 1030 918 1075 Crasso,
951 1043 1070 1075 quem
1102 1030 1224 1066 semel
1257 1032 1313 1066 ait
1343 1032 1384 1065 in
1415 1030 1496 1064 vita

328 1096 456 1130 risisse
471 1093 657 1138 Lucilius,
668 1107 746 1129 non
761 1095 942 1138 contigit,
953 1098 997 1129 ut
1011 1106 1056 1129 ea
1068 1106 1110 1129 re
1124 1095 1253 1129 minus
1267 1090 1493 1136 ἀγέλαστος,

329 1161 374 1193 ut
393 1159 448 1193 ait
463 1156 583 1201 idem,
601 1162 816 1193 vocaretur.
881 1156 1129 1201 Polycratem
1146 1156 1322 1193 Samium
1338 1154 1495 1191 felicem

328 1219 593 1265 appellabant.
664 1219 773 1255 Nihil
808 1219 1006 1255 acciderat
1042 1221 1078 1255 ei
1113 1218 1219 1264 quod
1257 1217 1384 1254 nollet
1421 1219 1495 1253 nisi

329 1282 434 1327 quod
464 1282 625 1318 anulum
656 1296 733 1328 quo
768 1282 1044 1318 delectabatur
1077 1284 1118 1318 in
1153 1284 1249 1318 mari
1282 1281 1492 1317 abiecerat.

330 1345 435 1390 Ergo
461 1345 600 1381 infelix
629 1358 705 1381 una
732 1345 926 1389 molestia,
954 1344 1050 1381 felix
1078 1357 1209 1381 rursus
1237 1357 1326 1380 cum
1353 1346 1385 1380 is
1412 1346 1495 1388 ipse

328 1408 467 1444 anulus
507 1411 546 1444 in
586 1408 824 1453 praecordiis
872 1410 988 1453 piscis
1036 1410 1223 1444 inventus
1272 1407 1362 1444 est?
1422 1405 1494 1442 Ille

329 1485 420 1507 vero
448 1474 478 1507 si
513 1473 702 1516 insipiens
738 1462 861 1516 (quod
896 1475 1017 1515 certe,
1051 1473 1236 1515 quoniam
1271 1460 1494 1515 tyrannus),

328 1548 543 1579 numquam
564 1535 723 1577 beatus3
753 1537 784 1570 si
805 1536 975 1579 sapiens,
996 1546 1047 1570 ne
1073 1538 1158 1570 tum
1186 1533 1349 1578 quidem
1376 1535 1494 1569 miser

329 1611 418 1633 cum
439 1598 487 1633 ab
510 1597 659 1633 Oroete
681 1602 864 1642 praetore
888 1597 1007 1633 Darei
1030 1599 1069 1632 in
1095 1609 1253 1633 crucem
1280 1601 1391 1632 actus
1420 1599 1491 1632 est.

329 1651 403 1696 ‘At
424 1660 559 1696 multis
574 1659 685 1695 malis
701 1659 890 1696 affectus!
951 1659 1049 1704 Quis
1066 1660 1213 1704 negat?
1243 1658 1315 1696 sed
1331 1671 1377 1695 ea
1393 1657 1493 1694 mala

328 1726 484 1759 virtutis
504 1722 780 1767 magnitudine
802 1723 1081 1758 obruebantur.

373 1781 508 1818 'polius
531 1792 636 1821 quam
661 1781 808 1821 aliquod
830 1780 1034 1816 Lambinus,
1055 1781 1200 1816 mullet-3
1225 1791 1331 1821 quam
1356 1779 1492 1820 aliquia

329 1824 501 1865 (aliquam
520 1824 559 1861 Β,
576 1823 619 1861 Ε)
632 1824 751 1863 potius
767 1823 881 1859 MSS„
900 1823 996 1854 Mdv.
1014 1824 1097 1854 with
1115 1824 1215 1854 mark
1230 1823 1269 1854 of
1278 1823 1492 1864 corruption,

333 1867 552 1907 suggesting
570 1877 672 1906 reque
687 1867 969 1906 aliquidpolius.

371 1935 454 1964 ai.e.
477 1935 485 1950 ‘
498 1933 713 1973 unsmiling.'

371 1977 390 2001 b
403 1977 477 2007 The
494 1980 594 2016 story
611 1976 641 2006 is
657 1975 730 2006 told
747 1975 792 2015 by
812 1975 1029 2013 Herodotus,
1049 1985 1126 2016 3.4o
1143 1975 1213 2007 foll.

376 2020 454 2050 ci.e.
474 2030 518 2050 on
537 2020 594 2049 the
611 2019 833 2059 supposition
851 2019 928 2049 that
947 2020 989 2049 he
1006 2029 1081 2050 was
1099 2030 1120 2050 a
1138 2019 1234 2051 XVise
1254 2019 1352 2050 Man.

437 2067 515 2109 496
