1574 2364
245 955 294 989 82

624 159 819 197 CICERO
851 159 925 196 DE
955 158 1175 197 FINIBUS

316 241 447 279 studio
463 239 524 276 vel
542 241 675 284 quavis
692 241 870 283 scientia,
885 238 947 275 vel
962 241 1002 274 in
1015 241 1098 284 ipsa
1111 241 1272 283 virtute,
1288 241 1479 284 optimum

319 312 492 358 quidque
514 313 753 347 rarissimum
774 315 844 346 est.
906 310 965 346 Ac
985 309 1082 345 mihi
1113 309 1288 355 quidem,
1309 309 1415 355 quod
1444 314 1482 346 et

321 387 403 428 ipse
429 384 555 418 bonus
575 384 633 417 vir
655 381 732 417 fuit
759 386 800 417 et
827 380 942 417 multi
968 381 1153 425 Epicurei
1180 385 1223 418 et
1252 380 1414 417 fuerunt
1444 386 1483 417 et

321 454 436 490 hodie
458 457 551 489 sunt
571 457 613 488 et
633 455 671 487 in
693 454 874 488 amicitiis
895 451 1031 487 fideles
1052 455 1093 487 et
1113 453 1153 486 in
1174 453 1280 487 omni
1297 453 1376 487 vita
1396 464 1484 487 con-

321 529 471 561 stantes
504 528 546 560 et
576 535 714 567 graves
745 535 820 558 nec
847 521 1051 567 voluptate
1079 521 1150 558 sed
1177 521 1300 557 officio
1327 521 1486 557 consilia

321 595 587 639 moderantes,
625 594 700 630 hoc
739 593 897 629 videtur
935 596 1058 629 maior
1091 595 1148 629 vis
1187 592 1406 629 honestatis
1445 597 1487 629 et

320 670 448 702 minor
472 666 695 710 voluptatis.
732 664 791 700 Ita
817 667 923 700 enim
948 666 1086 700 vivunt
1107 663 1266 709 quidam
1287 668 1332 700 ut
1353 676 1488 699 eorum

322 741 402 774 vita
422 736 629 773 refellatur
650 738 783 771 oratio.
846 735 980 780 Atque
997 745 1041 771 ut
1058 737 1181 771 ceteri
1203 734 1334 770 dicere
1357 736 1489 770 existi-

324 813 483 845 mantur
495 807 636 844 melius
649 820 767 852 quam
780 805 924 850 facere,
934 808 988 841 sic
1002 805 1042 841 hi
1056 805 1152 841 mihi
1162 805 1348 842 videntur
1361 804 1490 842 facere

323 879 464 916 melius
485 891 602 924 quam
623 878 766 914 dicere.

379 949 525 986 XXVI.
559 940 582 956 “
593 948 672 986 Sed
685 948 782 984 haec
797 947 896 984 nihil
910 960 1003 984 sane
1020 947 1069 984 ad
1085 960 1189 992 rem3
1208 947 1276 983 illa
1290 947 1493 985 videamus

326 1034 426 1068 quae
451 1034 473 1057 a
496 1025 537 1057 te
563 1020 613 1057 de
645 1021 817 1056 amicitia
845 1019 951 1055 dicta
979 1023 1082 1055 sunt.
1142 1018 1175 1054 E
1200 1018 1342 1064 quibus
1368 1031 1492 1055 unum

325 1092 421 1130 mihi
454 1091 616 1128 videbar
649 1090 698 1126 ab
732 1092 816 1136 ipso
851 1089 1022 1135 Epicuro
1055 1089 1208 1126 dictum
1241 1101 1492 1135 cognoscere,

327 1166 541 1201 amicitiam
565 1176 587 1198 a
610 1161 815 1207 voluptate
846 1174 926 1197 non
953 1173 1067 1206 posse
1092 1160 1228 1197 divelli
1252 1160 1302 1197 ob
1323 1172 1490 1206 eamque

1014 1223 1029 1247 ¹
1053 1234 1138 1268 sine
1159 1244 1205 1268 ea
1227 1236 1317 1268 tuto
1341 1236 1384 1268 et
1409 1233 1493 1268 sine

327 1248 411 1272 rem
436 1233 644 1271 colendam
668 1245 753 1269 esse
778 1232 897 1278 quod,
919 1245 1007 1268 cum

328 1311 439 1343 metu
474 1307 550 1341 vivi
582 1317 662 1340 non
693 1308 840 1349 posset,
874 1316 924 1339 ne
957 1302 1129 1339 iucunde
1157 1302 1320 1348 quidem
1347 1307 1492 1348 posset.

330 1379 432 1415 Satis
454 1381 515 1413 est
535 1375 584 1412 ad
596 1375 671 1411 hoc
692 1387 933 1420 responsum.
967 1373 1151 1410 Attuhsti
1166 1373 1273 1410 aliud
1289 1373 1498 1409 humanius

331 1449 471 1485 horum
500 1449 778 1490 recentiorum,
806 1457 1022 1490 numquam
1049 1445 1201 1481 dictum
1228 1445 1277 1480 ab
1306 1447 1390 1490 ipso
1417 1443 1497 1489 illo,

332 1519 437 1565 quod
470 1521 602 1562 sciam,
631 1520 757 1563 primo
790 1516 974 1552 utilitatis
1005 1528 1119 1552 causa
1148 1518 1317 1551 amicum
1348 1518 1496 1560 expeti,

332 1604 421 1629 cum
441 1594 576 1626 autem
597 1601 688 1625 usus
709 1590 949 1631 accessisset,
967 1592 1052 1623 tum
1072 1589 1200 1632 ipsum
1216 1588 1337 1622 amari
1356 1598 1427 1631 per
1442 1598 1496 1631 se,

333 1665 453 1698 etiam
475 1663 615 1696 omissa
635 1672 704 1706 spe
726 1658 949 1703 voluptatis.
1012 1657 1101 1693 Hoc
1123 1659 1198 1694 etsi
1218 1655 1352 1693 multis
1372 1655 1498 1693 modis

334 1731 519 1778 reprendi
535 1735 681 1776 potest,
698 1735 833 1766 tamen
849 1731 997 1774 accipio
1014 1727 1118 1774 quod
1134 1727 1252 1772 dant3
1280 1727 1377 1764 mihi
1393 1730 1499 1764 enim

334 1806 427 1841 satis
448 1807 521 1847 est,
543 1804 635 1847 ipsis
656 1814 735 1836 non
757 1803 861 1837 satis.
905 1799 1007 1835 Nam
1023 1798 1235 1844 aliquando
1255 1811 1368 1844 posse
1389 1802 1498 1834 recte

336 1875 418 1911 fieri
439 1873 591 1917 dicunt,
612 1872 721 1908 nulla
742 1875 972 1916 exspectata
992 1882 1066 1906 nec
1087 1872 1264 1915 quaesita
1284 1868 1498 1914 voluptate.

256 1951 304 1984 83
338 1946 504 1982 Posuisti
525 1946 644 1981 etiam
666 1942 797 1979 dicere
818 1941 913 1978 alios
934 1941 1074 1978 foedus
1095 1939 1293 1986 quoddam
1323 1943 1427 1976 inter
1457 1951 1499 1976 se

674 2046 773 2078 ¹cum
793 2045 947 2076 inserted
966 2044 1011 2086 by
1029 2044 1125 2075 Mdv.

446 2104 520 2139 172
