1574 2364
207 375 255 412 78

209 1129 257 1168 79

591 165 787 203 CICERO
818 165 892 203 DE
922 154 1141 206 FINIBUS

286 259 385 291 quae
406 248 445 281 in
467 247 573 281 omni
600 250 716 282 coetu
742 246 987 291 concilioque
1014 247 1260 292 profitendae
1284 251 1376 294 sint,
1396 262 1447 287 ne

286 308 326 345 id
347 322 426 344 non
447 308 595 353 pudeat
616 311 763 344 sentire
785 309 890 353 quod
912 309 1060 355 pudeat
1081 310 1224 347 dicere.

342 362 585 407 “Amicitiae
616 384 708 407 vero
738 371 845 407 locus
880 372 946 408 ubi
982 386 1067 409 esse
1102 378 1235 418 potest
1265 379 1334 411 aut
1363 377 1449 420 quis

286 436 432 470 amicus
454 446 538 470 esse
561 436 742 478 cuiquam
763 447 882 479 quem
902 448 982 471 non
1002 437 1131 480 ipsum
1153 442 1262 473 amet
1288 442 1450 482 propter

286 497 441 542 ipsum?
500 495 607 540 Quid
637 501 771 532 autem
801 502 863 533 est
887 510 1031 543 amare,
1055 511 1077 534 e
1101 511 1179 543 quo
1204 512 1351 536 nomen
1378 500 1450 536 du-

286 564 393 596 ctum
409 561 605 595 amicitiae
619 564 693 604 est,
706 562 780 595 nisi
795 560 896 596 velle
911 560 1023 597 bonis
1036 561 1208 606 aliquem
1221 562 1319 598 affici
1332 576 1449 608 quam

285 625 463 659 maximis
484 624 637 658 etiamsi
658 621 707 657 ad
729 635 769 658 se
795 635 842 658 ex
864 626 909 659 iis
929 623 1027 659 nihil
1049 617 1300 661 redundetl?
1358 625 1449 661 Pro-

286 685 389 730 dest,
411 687 552 730 inquit,
574 684 670 720 mihi
693 697 739 721 eo
762 698 846 721 esse
867 688 1009 722 animo.
1070 686 1197 722 Immo
1223 687 1347 724 videri
1373 687 1449 724 for-

286 753 399 785 tasse.
462 747 558 783 Esse
582 750 702 792 enim,
727 750 801 784 nisi
832 751 921 794 eris,
941 762 1021 785 non
1043 742 1200 795 potes23
1229 753 1295 795 qui
1315 755 1451 787 autem

288 824 373 848 esse
405 813 552 856 poteris
584 812 659 846 nisi
690 815 731 846 te
764 824 872 847 amor
903 814 987 857 ipse
1020 813 1199 857 ceperit?
1236 813 1342 858 quod
1372 827 1452 850 non

287 873 481 911 subducta
497 872 681 909 utilitatis
697 876 850 910 ratione
872 875 971 910 effici
991 875 1106 919 solet,
1127 875 1197 912 sed
1219 878 1347 921 ipsum
1368 889 1390 912 a
1410 889 1452 913 se

287 939 410 973 oritur
449 940 491 973 et
528 948 597 972 sua
635 941 777 981 sponte
811 939 995 973 nascitur.
1057 928 1137 975 ‘At
1171 942 1278 975 enim
1311 951 1454 984 sequor

288 998 529 1037 utilitatem!
590 999 772 1036 Manebit
801 1012 896 1044 ergo
925 1002 1098 1036 amicitia
1126 1005 1208 1037 tam
1238 1001 1305 1038 diu
1335 1015 1452 1047 quam

287 1062 351 1098 diu
374 1065 563 1107 sequetur
585 1061 747 1106 utilitas,
769 1066 824 1107 et,
845 1065 876 1098 si
898 1062 1048 1099 utilitas
1073 1066 1293 1101 constituet
1318 1067 1450 1101 amici-

287 1128 395 1169 tiam,
417 1124 533 1161 tollet
554 1124 703 1160 eadem.
755 1124 834 1161 Sed
851 1125 945 1170 quid
961 1138 1054 1171 ages
1071 1126 1233 1162 tandem
1249 1129 1279 1163 si
1300 1127 1450 1165 utilitas

287 1189 336 1224 ab
365 1190 549 1231 amicitia,
571 1192 616 1223 ut
645 1187 689 1223 fit
717 1200 848 1233 saepe,
874 1187 1096 1225 defecerit?
1156 1189 1451 1235 Relinquesne?

288 1263 389 1297 quae
420 1253 493 1286 ista
522 1252 695 1286 amicitia
725 1251 813 1287 est?
875 1251 1109 1289 Retinebis?
1139 1255 1205 1298 qui
1237 1254 1454 1290 convenit?

290 1313 384 1359 quid
407 1315 512 1349 enim
533 1312 583 1349 de
604 1315 776 1349 amicitia
797 1317 982 1351 statueris
1003 1314 1188 1352 utilitatis
1205 1328 1319 1352 causa
1336 1329 1454 1362 expe-

293 1376 414 1414 tenda
435 1375 554 1412 vides.
614 1367 622 1382 ⁴
642 1375 701 1412 Ne
722 1379 761 1411 in
787 1376 921 1413 odium
949 1379 1104 1414 veniam
1131 1381 1162 1414 si
1189 1380 1359 1416 amicum
1386 1379 1454 1416 de-

291 1443 430 1477 stitero
450 1438 578 1475 tueri.'
641 1438 813 1474 Primum
842 1451 911 1475 cur
938 1442 1013 1476 ista
1040 1453 1101 1476 res
1129 1440 1250 1485 digna
1277 1441 1367 1477 odio
1395 1447 1457 1479 est

289 1505 363 1539 nisi
388 1501 493 1547 quod
521 1505 582 1538 est
610 1502 763 1546 turpis?
821 1500 938 1547 Quod
966 1505 996 1538 si
1025 1515 1074 1539 ne
1102 1515 1179 1548 quo
1206 1505 1455 1541 incommodo

289 1565 454 1601 afficiare
476 1576 554 1600 non
576 1564 775 1609 relinques
791 1567 973 1610 amicum,
990 1570 1138 1610 tamen,
1155 1579 1205 1602 ne
1222 1569 1306 1603 sine
1323 1566 1453 1604 fructu

289 1627 473 1672 alligatus
511 1630 575 1671 sis,
611 1631 656 1663 ut
695 1630 883 1663 moriatur
922 1628 1086 1673 optabis.
1155 1628 1261 1674 Quid
1300 1632 1332 1666 si
1372 1643 1451 1667 non

289 1690 406 1728 modo
442 1689 657 1726 utilitatem
691 1690 765 1726 tibi
799 1690 948 1726 nullam
987 1690 1138 1736 afferet,
1172 1692 1240 1729 sed
1280 1695 1453 1730 iacturae

336 1795 343 1813 ¹
358 1794 527 1825 redundet
544 1793 657 1830 Mdv.;
684 1794 784 1825 MSS.
807 1794 954 1826 redeunt
969 1798 1012 1832 et,
1029 1795 1148 1827 redeat
1161 1798 1205 1834 el,
1222 1796 1341 1827 redeat
1354 1798 1452 1838 quid.

336 1837 348 1857 ⁹
362 1838 429 1868 For
446 1837 504 1867 the
519 1837 717 1877 suspicions
736 1837 853 1868 words
869 1848 938 1869 esse
955 1839 1060 1876 enim,
1079 1839 1154 1869 nisi
1166 1840 1246 1877 eris,
1263 1850 1332 1871 non
1343 1844 1452 1880 potes,

291 1881 404 1912 which
433 1880 536 1910 make
564 1880 622 1910 the
647 1879 730 1910 sollo
738 1881 833 1920 wing
855 1884 1021 1912 sentence
1044 1882 1291 1922 tautological‚
1318 1882 1455 1915 Graser

292 1923 511 1965 conjectures
526 1933 595 1953 esse
611 1923 717 1960 enim,
732 1934 752 1953 τι
760 1923 806 1953 isi
820 1923 964 1960 videris,
976 1934 1044 1954 non
1055 1925 1202 1965 prodest.
1253 1927 1276 1942 ‘⁴
1291 1927 1299 1942 ⁶
1312 1925 1343 1956 It
1360 1936 1452 1967 pays

290 1978 346 1999 me
363 1966 444 2008 (you
461 1965 542 2006 say)
559 1970 594 1996 to
610 1965 652 1996 be
669 1976 690 1996 a
708 1965 956 1997 disinterested
974 1966 1111 1998 friend.'
1158 1967 1226 2005 No,
1245 1972 1282 1999 to
1299 1978 1393 1999 seem
1411 1980 1450 2000 so

291 2011 445 2051 perhaps
460 2020 467 2040 :
492 2009 517 2039 it
534 2008 671 2039 doesn't
688 2018 758 2048 pay
777 2014 811 2039 to
828 2008 870 2039 be
888 2019 927 2039 so
944 2009 1089 2041 without
1106 2011 1266 2051 seeming
1282 2021 1333 2042 so.
1383 2012 1448 2043 But

291 2054 369 2084 how
386 2062 452 2082 can
469 2061 536 2092 you
554 2051 596 2082 be
614 2061 655 2082 so
671 2053 798 2087 unless,
819 2056 883 2082 etc.
904 2075 912 2083 .
933 2074 941 2083 .
961 2052 994 2084 .”

399 2100 472 2138 168
