1574 2364
185 208 233 247 16

190 903 235 939 17

561 127 756 165 CICERO
787 128 860 164 DE
890 128 1109 166 FINIBUS

318 209 406 245 VII.
441 199 463 216 “
480 208 619 244 Omnis
641 212 781 243 natura
802 207 886 243 vult
907 220 991 243 esse
1009 210 1275 244 conservatrix
1293 211 1364 252 sui,
1382 213 1424 244 ut.

264 277 305 308 et
325 272 429 308 salva
451 274 501 306 sit
523 275 563 306 et
584 273 624 305 in
644 282 793 314 genere
814 275 1068 306 conservetur
1093 283 1171 306 suo.
1234 270 1296 306 Ad
1324 270 1424 305 hanc

266 347 347 369 rem
386 336 497 368 aiunt
536 337 640 367 artes
674 345 830 376 quoque
866 334 1073 376 requisitas
1108 345 1208 377 quae
1243 337 1423 368 naturam

266 396 513 439 adiuvarent,
534 397 573 430 in
601 394 742 439 quibus
770 407 816 430 ea
842 399 1075 430 numeretur
1102 397 1142 430 in
1170 397 1304 440 primis
1329 407 1428 439 quae

267 464 328 495 est
349 457 506 493 vivendi
527 470 600 501 ars,
623 462 667 493 ut
687 462 846 492 tueatur
867 457 972 501 quod
993 470 1015 491 a
1038 462 1180 493 natura
1204 457 1341 493 datum
1365 460 1428 501 sit,

267 521 371 566 quod
401 521 505 556 desit
534 523 734 564 acquirat;
765 519 965 564 iidemque
997 519 1216 555 diviserunt
1247 525 1428 556 naturam

267 585 436 620 hominis
453 586 492 618 in
509 585 683 618 animum
701 587 742 618 et
757 595 896 627 corpus
912 595 920 625 ;
942 595 1109 627 cumque
1127 595 1261 618 eorum
1278 588 1428 618 utrum-

267 660 342 691 que
364 659 434 691 per
455 658 496 681 se
518 645 790 690 expetendum
812 658 897 680 esse
919 645 1125 689 dixissent,
1146 648 1312 681 virtutes
1333 658 1427 689 quo-

267 722 342 754 que
357 712 562 752 utriusque
577 721 712 743 eorum
727 720 797 752 per
810 720 851 743 se
866 707 1110 752 expetendas
1124 720 1208 744 esse
1222 707 1429 750 dicebant;

268 765 330 809 etl
351 786 439 808 cum
460 774 635 807 animum
652 771 804 806 infinita
821 770 989 815 quadam
1006 770 1122 806 laude
1139 775 1432 815 anteponerent

270 838 434 880 corpori,
457 837 622 869 virtutes
650 846 806 878 quoque
834 836 953 868 animi
982 833 1093 868 bonis
1123 836 1293 878 corporis
1319 837 1431 868 ante-

267 898 479 944 ponebant.
539 896 618 933 Sed
640 909 728 932 cum
756 898 990 940 sapientiam
1018 899 1140 931 totius
1168 895 1337 931 hominis
1365 908 1430 931 cu-

268 961 423 998 stodem
458 965 500 996 et
534 962 839 1004 procuratricem
872 971 956 994 esse
992 958 1155 1003 vellent,
1190 972 1289 1003 quae
1325 963 1430 994 esset

267 1030 430 1060 naturae
452 1035 581 1058 comes
603 1027 643 1057 et
663 1021 846 1065 adiutrix,
863 1021 937 1056 hoc
953 1024 1169 1066 sapientiae
1185 1034 1326 1057 munus
1343 1033 1428 1057 esse

267 1086 453 1123 dicebant
487 1089 531 1120 ut
565 1075 678 1119 cum2
710 1096 800 1119 eum
836 1088 1015 1119 tueretur
1048 1086 1115 1128 qui
1149 1088 1348 1119 constaret
1379 1095 1426 1119 ex

267 1152 397 1185 animo
418 1153 459 1183 et
480 1159 654 1192 corpore,
676 1149 715 1181 in
742 1151 908 1190 utroque
936 1149 1088 1181 iuvaret
1115 1158 1204 1182 eum
1232 1159 1276 1181 ac
1303 1148 1428 1181 conti-

267 1217 391 1248 neret.
453 1210 586 1254 Atque
626 1212 680 1244 ita
718 1222 760 1244 re
800 1208 1031 1253 simpliciter
1064 1211 1189 1253 primo
1228 1208 1428 1251 collocata,

267 1275 417 1318 reliqua
438 1272 619 1308 subtilius
644 1276 929 1316 persequentes
954 1274 1124 1316 corporis
1150 1272 1250 1306 bona
1275 1271 1430 1306 facilem

268 1336 465 1382 quandam
486 1338 681 1370 rationem
703 1334 848 1369 habere
866 1334 1096 1377 censebant,
1113 1334 1162 1369 de
1179 1336 1298 1369 animi
1320 1334 1431 1369 bonis

267 1401 484 1436 accuratius
501 1397 774 1442 exquirebant,
792 1399 832 1431 in
848 1399 1061 1441 primisque
1079 1397 1331 1441 reperiebant
1347 1409 1431 1432 esse

268 1467 307 1499 in
334 1465 378 1498 iis
406 1463 579 1497 iustitiae
607 1462 769 1503 semina,
797 1461 991 1504 primique
1019 1472 1067 1494 ex
1095 1459 1275 1495 omnibus
1302 1459 1428 1503 philo-

267 1525 397 1570 sophis
419 1529 559 1559 natura
580 1523 774 1558 tributum
797 1534 881 1557 esse
903 1521 1125 1557 docuerunt
1146 1526 1190 1557 ut
1210 1524 1234 1556 ii
1256 1524 1321 1566 qui
1343 1534 1430 1566 pro-

267 1590 387 1624 creati
409 1590 542 1622 essent
561 1599 583 1620 a
604 1585 918 1630 procreatoribus
939 1589 1177 1628 amarentur,
1195 1589 1248 1627 et,
1265 1584 1303 1619 id
1325 1583 1429 1628 quod

266 1657 489 1695 temporum
510 1648 647 1684 ordine
669 1650 869 1692 antiquius
895 1652 968 1691 est,
990 1652 1035 1682 ut
1059 1649 1241 1691 coniugia
1263 1649 1430 1682 virorum

266 1719 307 1749 et
338 1724 500 1748 uxorum
530 1715 670 1746 natura
700 1713 910 1746 coniuncta
941 1722 1024 1746 esse
1055 1709 1248 1753 dicerent,
1278 1722 1353 1753 qua
1383 1721 1428 1744 ex

266 1778 387 1820 stirpe
416 1776 612 1809 orirentur
642 1775 837 1807 amicitiae
868 1765 1186 1816 cognationum.3
1220 1771 1353 1815 Atque
1381 1771 1429 1805 ab

268 1837 328 1872 his
351 1838 472 1872 initiis
493 1834 659 1883 profecti
679 1837 854 1870 omnium
876 1836 1067 1869 virtutum
1088 1837 1129 1868 et
1158 1832 1353 1879 originem
1382 1834 1425 1866 et

435 1928 445 1946 ¹
463 1932 491 1959 et
508 1926 726 1961 Lambinus:
755 1926 854 1956 Mdv.
873 1935 944 1956 om.
962 1925 1052 1956 with
1070 1924 1168 1955 MSS.

438 1971 450 1989 ²
467 1979 542 2001 cum
561 1969 719 2000 inserted
736 1969 784 2008 by
802 1968 900 1998 Mdv.

437 2013 450 2031 ³
476 2011 742 2053 [cognationum]
764 2011 880 2051 (gloss.
899 2019 947 2041 on
964 2010 1082 2050 stirpe)
1104 2008 1206 2040 Reid.

383 2057 459 2095 318
