1574 2364
192 1226 238 1259 10

185 1957 226 1988 11

572 135 767 172 CICERO
800 135 872 171 DE
903 135 1122 173 FINIBUS

266 218 411 252 satisne
434 215 612 251 videatur
633 214 821 251 Antiochi
843 215 1048 260 complexa
1070 228 1153 252 esse
1176 218 1429 261 sententiam,

267 298 382 329 quam
404 285 475 320 tibi
497 287 562 329 qui
585 284 746 320 fratrem
769 286 851 320 eius
873 284 1049 320 Aristum
1070 284 1301 329 frequenter
1321 285 1429 321 audi-

267 358 342 391 eris
363 357 531 390 maxime
552 355 755 400 probatam
777 357 968 391 existimo.

324 422 387 457 IV.
422 422 485 458 Sic
507 426 568 458 est
588 424 710 466 igitur
730 421 895 457 locutus.
955 412 1173 466 “Quantus
1201 427 1361 459 ornatus
1389 425 1429 458 in

270 489 620 534 Peripateticorum
657 488 864 533 disciplina
904 491 968 533 sit,
998 491 1091 524 satis
1130 494 1191 525 est
1224 502 1246 524 a
1280 502 1357 534 me,
1387 495 1431 526 ut

268 556 495 592 brevissime
516 557 660 600 potuit,
682 554 797 600 paulo
814 559 907 591 ante
924 554 1086 591 dictum.
1134 555 1213 592 Sed
1230 560 1291 592 est
1307 555 1430 592 forma

269 625 351 659 eius
382 621 626 666 disciplinae,
648 623 750 657 sicut
780 620 863 657 fere
893 616 1128 665 ceterarum,
1157 621 1321 666 triplex:
1351 635 1429 658 una

268 702 354 734 pars
387 693 447 725 est
479 692 657 732 naturae,
688 687 907 723 disserendi
940 687 1078 732 altera,
1109 688 1265 724 vivendi
1297 692 1425 725 tertia.

270 756 419 791 Natura
441 757 494 790 sic
514 755 563 789 ab
584 757 629 790 iis
651 757 890 799 investigata
911 759 972 790 est
992 758 1037 790 ut
1061 754 1170 790 nulla
1194 768 1282 800 pars
1307 755 1428 801 caelo,

269 825 378 866 mari,
418 826 523 857 terra
562 813 625 863 (ut
663 823 818 866 poetice
857 812 1012 865 loquar)
1051 824 1327 866 praetermissa
1365 825 1425 859 sit.

270 888 375 934 Quin
398 890 531 932 etiam,
553 901 640 923 cum
672 887 721 923 de
752 900 884 923 rerum
914 889 1036 923 initiis
1066 890 1251 932 omnique
1280 888 1429 925 mundo

269 955 389 991 locuti
412 959 557 998 essent,
574 958 619 989 ut
640 953 764 989 multa
786 967 865 989 non
882 953 998 989 modo
1015 953 1206 998 probabili
1220 967 1429 999 argumen-

268 1024 418 1058 tatione
437 1020 506 1056 sed
523 1023 642 1056 etiam
659 1022 878 1056 necessaria
893 1019 1264 1056 mathematicorum
1278 1024 1429 1058 ratione

269 1087 568 1131 concluderent,
598 1089 808 1122 maximam
837 1088 1043 1121 materiam
1071 1098 1119 1122 ex
1147 1087 1263 1123 rebus
1291 1100 1361 1132 per
1387 1100 1428 1124 se

268 1156 515 1198 investigatis
536 1152 585 1188 ad
607 1166 737 1189 rerum
758 1152 1001 1188 occultarum
1027 1155 1296 1197 cognitionem
1323 1159 1427 1190 attu-

268 1221 410 1257 lerunt.
473 1220 705 1256 Pei-secutus
726 1224 787 1256 est
808 1219 1045 1255 Aristoteles
1065 1222 1324 1256 animantium
1344 1234 1425 1257 om-

267 1290 377 1323 nium
415 1291 536 1330 ortus,
576 1288 715 1330 victus,
756 1285 912 1330 figuras,
953 1284 1250 1330 Theophrastus
1291 1292 1425 1324 autem

266 1355 446 1398 stirpium
467 1357 625 1388 naturas
646 1354 900 1396 omniumque
922 1351 1004 1387 fere
1021 1364 1152 1387 rerum
1169 1365 1268 1397 quae
1285 1365 1306 1389 e
1321 1357 1427 1389 terra

267 1423 528 1465 gignerentur
543 1431 676 1454 causas
691 1422 810 1462 atque
827 1420 1018 1460 rationes;
1046 1431 1122 1462 qua
1138 1431 1186 1453 ex
1199 1421 1425 1463 cognitione

269 1486 418 1522 facilior
439 1485 541 1520 facta
563 1489 624 1521 est
644 1486 897 1529 investigatio
914 1497 1043 1520 rerum
1060 1484 1420 1523 occultissimarum.

268 1551 577 1596 Disserendique
607 1551 656 1586 ab
685 1550 825 1586 iisdem
854 1563 933 1586 non
963 1549 1170 1587 dialectice
1199 1550 1324 1587 solum
1353 1552 1423 1588 sed

267 1621 386 1655 etiam
411 1620 578 1654 oratorie
606 1622 818 1662 praecepta
845 1622 938 1653 sunt
965 1617 1130 1660 tradita3
1160 1617 1209 1653 ab
1230 1617 1423 1654 Aristote-

266 1686 381 1730 leque
402 1686 579 1729 principe
601 1683 650 1720 de
672 1683 836 1728 singulis
856 1683 973 1719 rebus
990 1685 1030 1718 in
1046 1688 1254 1728 utramque
1273 1689 1424 1728 partem

264 1750 423 1788 dicendi
445 1752 677 1786 exercitatio
693 1754 754 1785 est
771 1752 965 1794 instituta,
983 1754 1027 1785 ut
1043 1762 1121 1785 non
1139 1754 1276 1786 contra
1293 1752 1423 1786 omnia

263 1830 432 1863 semper,
454 1819 555 1852 sicut
576 1815 787 1859 Arcesilas,
808 1815 972 1860 diceret,
995 1820 1036 1852 et
1057 1820 1192 1851 tamen
1212 1820 1258 1852 ut
1277 1820 1318 1852 in
1339 1829 1420 1852 om-

262 1885 377 1921 nibus
405 1883 521 1919 rebus
550 1881 743 1926 quidquid
772 1894 819 1917 ex
848 1886 1014 1926 utraque
1042 1886 1155 1926 parte
1184 1881 1262 1918 dici
1288 1887 1422 1928 posset

262 1953 523 1996 expromeret.
584 1948 680 1984 Cum
709 1952 843 1983 autem
872 1950 989 1983 tertia
1018 1960 1105 1992 pars
1133 1948 1235 1984 bene
1264 1948 1421 1984 vivendi

261 2020 473 2063 praecepta
502 2007 725 2061 quaereret,
747 2026 793 2050 ea
823 2026 978 2058 quoque
1011 2018 1072 2050 est
1092 2014 1140 2050 ab
1170 2013 1309 2050 iisdem
1338 2027 1417 2050 non

369 2077 446 2110 400
