1574 2364
584 149 780 187 CICERO
811 148 886 186 DE
915 148 1135 187 FINIBUS

278 231 403 275 diens,
443 231 526 266 iure
565 228 890 274 reprehenderer.
951 228 1030 267 Sed
1063 228 1113 266 ab
1148 241 1195 265 eo
1229 227 1440 274 plurimum

278 310 414 345 absum
440 321 569 353 neque
602 312 647 344 ut
678 320 725 344 ea
756 320 967 353 cognoscas
999 320 1099 353 quae
1135 308 1207 343 tibi
1239 309 1444 344 notissima

279 388 370 420 sunt
394 383 443 419 ad
469 388 508 419 te
536 385 666 427 mitto,
693 382 763 419 sed
790 384 880 427 quia
907 381 1092 418 facillime
1119 384 1160 418 in
1187 384 1347 418 nomine
1373 386 1443 418 tuo

278 461 483 504 acquiesco
497 462 539 494 et
552 460 642 502 quia
657 462 698 494 te
714 457 842 494 habeo
854 459 1133 502 aequissimum
1147 470 1282 494 eorum
1295 456 1443 494 studio-

280 546 364 570 rum
387 546 486 579 quae
507 533 603 569 mihi
628 534 850 569 communia
871 537 1005 569 tecum
1025 537 1118 569 sunt
1134 534 1444 569 existimatorem

280 613 321 645 et
354 608 537 645 iudicem.
598 607 798 644 Attendes
833 609 955 653 igitur
992 612 1038 644 ut
1075 607 1177 644 soles
1216 607 1444 653 diligenter,

281 697 446 729 eamque
487 686 795 720 controversiam
834 682 1067 719 diiudicabis
1103 695 1203 728 quae
1237 682 1334 719 mihi
1370 682 1446 718 fuit

282 772 370 795 cum
391 758 584 795 avunculo
606 763 686 803 tuo,
709 758 842 794 divino
862 771 906 794 ac
928 757 1115 803 singulari
1136 760 1226 794 viro.

337 834 438 870 Nam
459 836 499 869 in
521 833 743 870 Tusculano
763 846 852 869 cum
874 846 1000 870 essem
1022 832 1244 879 vellemque
1265 846 1286 870 e
1309 833 1446 870 biblio-

282 908 398 945 theca
419 910 530 955 pueri
551 908 704 944 Luculli
725 907 960 953 quibusdam
980 907 1088 944 libris
1110 910 1181 954 uti,
1195 911 1285 945 veni
1306 911 1347 945 in
1363 911 1446 946 eius

282 983 415 1020 villam
430 988 475 1020 ut
492 996 557 1020 eos
573 986 656 1029 ipse
672 988 717 1020 ut
733 983 907 1020 solebam
923 982 1209 1029 depromerem.
1252 983 1341 1029 Quo
1357 997 1445 1021 eum

282 1060 490 1104 venissem,
506 1058 558 1094 M.
579 1059 771 1095 Catonem
785 1071 903 1103 quem
917 1058 971 1094 ibi
985 1071 1069 1095 esse
1083 1061 1300 1096 nescieram
1313 1058 1393 1097 vidi
1406 1061 1446 1096 in

282 1133 524 1170 bibliotheca
539 1133 760 1178 sedentem,
778 1133 912 1170 multis
929 1132 1208 1170 circumfusum
1225 1134 1445 1171 Stoicorum

282 1207 400 1244 libris.
461 1208 558 1245 Erat
578 1211 684 1245 enim
705 1213 750 1245 ut
770 1211 843 1245 scis
863 1211 904 1245 in
925 1221 971 1245 eo
990 1209 1156 1246 aviditas
1176 1209 1350 1256 legendi,
1370 1223 1445 1247 nec

283 1286 413 1320 satiari
434 1289 610 1329 poterat;
640 1287 785 1329 quippe
807 1287 873 1330 qui
893 1297 944 1321 ne
964 1287 1261 1330 reprensionem
1284 1285 1445 1331 quidem

283 1358 391 1404 vulgi
412 1361 570 1395 inanem
590 1358 851 1396 reformidans
871 1362 911 1395 in
932 1362 1015 1405 ipsa
1030 1362 1136 1396 curia
1151 1359 1298 1397 soleret
1311 1360 1445 1406 legere

284 1445 399 1478 saepe
414 1433 508 1469 dum
523 1438 682 1470 senatus
696 1438 918 1478 cogeretur,
927 1433 1025 1470 nihil
1040 1446 1182 1479 operae
1196 1436 1252 1471 rei
1265 1434 1446 1480 publicae

284 1507 518 1551 det1·ahens;
539 1521 616 1553 quo
636 1511 760 1553 magis
776 1513 862 1545 tum
877 1510 918 1544 in
934 1521 1088 1546 summo
1103 1510 1184 1546 otio
1199 1511 1446 1555 maximaque

285 1585 395 1628 copia
415 1585 525 1628 quasi
546 1582 712 1620 helluari
732 1582 854 1628 libris,
874 1585 906 1620 si
926 1582 1000 1620 hoc
1021 1583 1141 1620 verbo
1166 1585 1208 1620 in
1234 1588 1316 1621 tam
1343 1583 1446 1621 clara

284 1670 326 1694 re
356 1657 551 1694 utendum
578 1662 652 1703 est,
679 1657 897 1694 videbatur.
957 1656 1076 1704 Quod
1106 1671 1196 1695 cum
1226 1658 1447 1705 accidisset,

285 1737 330 1769 ut
349 1732 450 1768 alter
470 1732 640 1769 alterum
660 1735 898 1778 necopinato
918 1732 1154 1779 videremus,
1175 1735 1346 1770 surrexit
1369 1738 1447 1771 sta-

284 1810 367 1844 tim.
427 1807 585 1844 Deinde
606 1810 731 1852 prima
750 1807 817 1843 illa
836 1820 937 1853 quae
957 1810 999 1844 in
1018 1820 1229 1853 congressu
1255 1807 1444 1845 solemus:

283 1872 426 1927 “Quid
451 1881 535 1926 tu,’'
558 1884 700 1927 inquit,
729 1873 864 1918 “huc?
890 1895 914 1918 a
939 1882 1032 1918 villa
1059 1885 1166 1919 enim
1191 1881 1361 1920 cred0:'’
1383 1887 1445 1920 et:

283 1946 308 1964 “
317 1955 358 1993 Si
395 1956 449 1992 ibi
487 1960 529 1992 te
568 1968 653 1992 esse
692 1958 864 2001 scissem,
902 1956 953 1993 ad
997 1961 1039 1993 te
1083 1959 1167 2002 ipse
1209 1955 1443 1993 venissem.’'

282 2022 456 2075 “Heri,’'
478 2033 651 2076 inquam,
672 2021 809 2068 “ludis
829 2033 1043 2067 commissis
1064 2044 1112 2068 ex
1132 2031 1228 2068 urbe
1244 2031 1444 2077 profectus

390 2088 467 2121 222
