1574 2364
621 134 815 171 CICERO
847 134 921 171 DE
952 135 1169 173 FINIBUS

321 219 460 250 natura
474 213 666 250 mundum
681 217 904 250 universum
917 219 1037 260 atque
1054 218 1137 251 eius
1154 219 1340 251 maximas
1356 221 1487 261 partes

319 277 594 313 administrari.
656 277 865 313 Materiam
886 290 977 313 vero
997 291 1127 314 rerum
1149 283 1190 314 et
1211 281 1361 323 copiam
1382 279 1486 323 apud

321 340 390 375 hos
412 340 567 384 exilem,
584 339 688 385 apud
708 339 795 376 illos
816 340 1053 376 uberrimam
1073 344 1324 386 reperiemus.
1358 340 1487 386 Quam

320 403 445 439 multa
474 403 523 438 ab
552 405 597 438 iis
628 406 847 448 conquisita
878 408 919 439 et
940 403 1107 439 collecta
1127 409 1220 440 sunt
1240 404 1290 440 de
1312 407 1487 440 omnium

320 468 579 501 animantium
599 478 761 510 genere,
782 471 884 509 ortu,
905 467 1104 510 membris,
1125 467 1343 502 aetatibus!
1372 480 1488 511 quam

320 528 446 564 multa
475 528 524 564 de
555 529 671 564 rebus
701 531 746 564 iis
777 542 876 573 quae
906 531 1127 573 gignuntur
1158 542 1179 565 e
1211 530 1339 565 terra!
1371 542 1487 574 quam

320 592 469 628 multae
489 605 685 636 quamque
707 591 757 627 de
779 594 892 627 variis
919 592 1035 627 rebus
1057 597 1098 628 et
1127 605 1264 628 causae
1287 605 1354 628 cur
1374 592 1487 637 quid-

321 668 396 700 que
418 654 485 690 fiat
506 659 547 690 et
568 654 927 690 demonstrationes
955 655 1288 700 quemadmodum
1313 655 1487 699 quidque

321 718 408 753 fiat!
441 731 516 762 qua
537 730 584 753 ex
606 720 712 753 omni
734 720 844 762 copia
865 717 1033 762 plurima
1061 722 1103 753 et
1130 720 1347 753 certissima
1373 730 1486 762 argu-

320 786 456 817 menta
483 785 691 816 sumuntur
717 780 767 816 ad
795 783 983 825 cuiusque
1010 783 1066 816 rei
1086 786 1268 816 naturam
1290 780 1488 825 explican-

320 844 420 879 dam.
482 843 586 887 Ergo
624 842 766 886 adhuc,
806 848 998 887 quantum
1047 843 1232 888 equidem
1279 842 1485 887 intellegO,

320 920 434 943 causa
454 919 533 942 non
554 906 710 942 videtur
730 906 848 942 fuisse
865 906 1045 942 mutandi
1061 909 1249 950 nominis;
1270 919 1349 942 non
1366 908 1485 949 enim,

320 973 349 1006 si
389 972 519 1005 omnia
550 982 629 1005 non
669 970 920 1014 sequebatur,
954 969 1098 1005 idcirco
1136 983 1216 1005 non
1256 974 1341 1005 erat
1378 973 1485 1004 ortus

318 1033 436 1069 illinc.
482 1033 811 1077 Equidem‘etiam
826 1033 1052 1077 Epicurum,
1069 1036 1108 1068 in
1126 1032 1296 1078 physicis
1312 1032 1485 1077 quidem,

320 1097 616 1132 Democriteum
638 1101 744 1140 puto.
797 1096 922 1131 Pauca
942 1101 1082 1140 mutat,
1100 1095 1161 1132 vel
1182 1095 1294 1140 plura
1313 1107 1426 1137 sane3
1445 1099 1487 1130 at

319 1173 407 1195 cum
438 1159 488 1195 de
518 1158 695 1203 plurimis
726 1158 865 1194 eadem
896 1158 1007 1195 dicit.
1028 1163 1113 1194 tum
1144 1163 1252 1194 certe
1283 1158 1332 1194 de
1362 1160 1483 1193 maxi-

281 1241 285 1243 *
319 1225 401 1258 mis.
464 1221 581 1266 Quod
602 1221 707 1257 idem
736 1234 825 1257 cum
846 1224 966 1257 vestri
995 1221 1154 1266 faciant,
1176 1234 1254 1257 non
1283 1223 1376 1256 satis
1402 1233 1482 1255 ma-

241 1353 287 1384 14

318 1298 437 1330 gnam
459 1285 638 1320 tribuunt
659 1285 930 1320 inventoribus
951 1288 1129 1329 gratiam.

374 1347 440 1383 VI.
473 1338 586 1383 “Sed
603 1346 699 1382 haec
713 1346 916 1382 hactenus.
965 1347 1081 1382 Nunc
1096 1347 1310 1390 videamus,
1325 1358 1482 1391 quaeso,

319 1410 368 1446 de
396 1422 548 1445 summo
576 1409 691 1452 bono,
720 1408 825 1453 quod
853 1412 1033 1445 continet
1060 1409 1361 1454 philosophiam,
1387 1407 1481 1452 quid

319 1475 480 1512 tandem
508 1474 689 1510 attulerit
719 1475 975 1519 quamobrem
1005 1475 1054 1510 ab
1084 1461 1354 1510 inventoribus
1382 1479 1482 1509 tam-

319 1552 434 1583 quam
469 1551 491 1573 a
530 1538 760 1582 parentibus
799 1537 1040 1573 dissentiret.
1102 1538 1191 1573 Hoc
1226 1540 1347 1581 igitur
1381 1536 1480 1578 Ιοοο,

319 1613 556 1646 quamquam
577 1613 598 1635 a
618 1605 672 1644 te,
691 1600 800 1644 Cato,
819 1600 1035 1644 diligenter
1056 1605 1116 1636 est
1138 1600 1378 1645 explicatum
1395 1599 1480 1634 finis

318 1663 380 1699 hic
401 1664 593 1699 bonorum
616 1667 657 1698 et
684 1665 749 1707 qui
777 1676 799 1697 a
827 1662 966 1699 Stoicis
995 1668 1037 1699 et
1064 1663 1398 1708 quemadmodum
1423 1661 1480 1697 di-

318 1731 488 1770 ceretur,
513 1731 647 1761 tamen
676 1738 750 1770 ego
778 1738 934 1770 quoque
962 1738 1173 1770 exponam,
1196 1731 1242 1762 ut
1269 1727 1479 1771 perspicia-

317 1802 403 1825 mus
417 1792 448 1825 si
461 1791 706 1833 potuerimus
719 1788 907 1833 quidnam
922 1802 943 1824 a
957 1789 1115 1825 Zenone
1129 1791 1219 1824 novi
1235 1792 1286 1825 sit
1301 1788 1474 1824 allatum.

359 1972 443 2046 ⁵tile.
464 1973 518 2004 for
534 1973 659 2005 Zeno's
677 1973 796 2004 school
821 1978 856 2004 to
882 1974 923 2005 be
948 1975 1059 2006 called
1084 1975 1181 2007 Stoie
1204 1975 1275 2007 and
1300 1980 1359 2006 not
1386 1975 1476 2006 Peri-

315 2026 360 2056 pa
380 2026 397 2046 e
418 2027 458 2046 ic.

423 2071 499 2103 314
