<?xml version="1.0" encoding="UTF-8"?>
<!DOCTYPE html PUBLIC "-//W3C//DTD XHTML 1.0 Transitional//EN"
    "http://www.w3.org/TR/xhtml1/DTD/xhtml1-transitional.dtd">
<html xmlns="http://www.w3.org/1999/xhtml" xml:lang="en" lang="en">
 <head>
  <title>
</title>
<meta http-equiv="Content-Type" content="text/html;charset=utf-8" />
  <meta name='ocr-system' content='tesseract 3.04.00' />
  <meta name='ocr-capabilities' content='ocr_page ocr_carea ocr_par ocr_line ocrx_word'/>
</head>
<body>
  <div class='ocr_page' id='page_1' title='image "./definibusbonorum00cice_0060.png"; bbox 0 0 1615 2359; ppageno 0'>
   <div class='ocr_carea' id='block_1_1' title="bbox 624 140 1177 179">
    <p class='ocr_par' dir='ltr' id='par_1_1' title="bbox 624 140 1177 179">
     <span class='ocr_line' id='line_1_1' title="bbox 624 140 1177 179; baseline -0.002 -1"><span class='ocrx_word' id='word_1_1' title='bbox 624 141 821 179; x_wconf 88' lang='lat' dir='ltr'><strong>CICERO</strong></span> <span class='ocrx_word' id='word_1_2' title='bbox 852 141 926 177; x_wconf 90' lang='lat' dir='ltr'>DE</span> <span class='ocrx_word' id='word_1_3' title='bbox 957 140 1047 178; x_wconf 86' lang='lat' dir='ltr'>FIN</span> <span class='ocrx_word' id='word_1_4' title='bbox 1056 140 1177 177; x_wconf 91' lang='lat' dir='ltr'>lBUS</span> 
     </span>
    </p>
   </div>
   <div class='ocr_carea' id='block_1_2' title="bbox 313 220 1489 1988">
    <p class='ocr_par' dir='ltr' id='par_1_2' title="bbox 315 220 1489 920">
     <span class='ocr_line' id='line_1_2' title="bbox 315 220 1482 266; baseline -0.006 -4"><span class='ocrx_word' id='word_1_5' title='bbox 315 231 385 262; x_wconf 85' lang='lat' dir='ltr'>aut</span> <span class='ocrx_word' id='word_1_6' title='bbox 404 228 477 262; x_wconf 77' lang='lat' dir='ltr'>ista</span> <span class='ocrx_word' id='word_1_7' title='bbox 498 223 710 261; x_wconf 81' lang='lat' dir='ltr'>didicisset.</span> <span class='ocrx_word' id='word_1_8' title='bbox 758 221 811 258; x_wconf 88' lang='lat' dir='ltr'>Et</span> <span class='ocrx_word' id='word_1_9' title='bbox 830 220 935 266; x_wconf 91' lang='lat' dir='ltr'>quod</span> <span class='ocrx_word' id='word_1_10' title='bbox 956 223 1157 266; x_wconf 83' lang='lat' dir='ltr'>quaeritur</span> <span class='ocrx_word' id='word_1_11' title='bbox 1177 232 1293 265; x_wconf 81' lang='lat' dir='ltr'>saepe</span> <span class='ocrx_word' id='word_1_12' title='bbox 1314 232 1382 256; x_wconf 83' lang='lat' dir='ltr'>cur</span> <span class='ocrx_word' id='word_1_13' title='bbox 1401 224 1482 256; x_wconf 85' lang='lat' dir='ltr'>tam</span> 
     </span>
     <span class='ocr_line' id='line_1_3' title="bbox 318 292 1484 343; baseline -0.005 -7"><span class='ocrx_word' id='word_1_14' title='bbox 318 299 432 336; x_wconf 81' lang='lat' dir='ltr'>multi</span> <span class='ocrx_word' id='word_1_15' title='bbox 467 301 547 335; x_wconf 89' lang='lat' dir='ltr'>sint</span> <span class='ocrx_word' id='word_1_16' title='bbox 580 297 779 343; x_wconf 83' lang='lat' dir='ltr'><strong>Epicurei,</strong></span> <span class='ocrx_word' id='word_1_17' title='bbox 801 300 894 333; x_wconf 85' lang='lat' dir='ltr'>sunt</span> <span class='ocrx_word' id='word_1_18' title='bbox 922 295 1021 332; x_wconf 85' lang='lat' dir='ltr'>aliae</span> <span class='ocrx_word' id='word_1_19' title='bbox 1052 307 1207 341; x_wconf 91' lang='lat' dir='ltr'>quoque</span> <span class='ocrx_word' id='word_1_20' title='bbox 1237 307 1390 339; x_wconf 84' lang='lat' dir='ltr'>causae,</span> <span class='ocrx_word' id='word_1_21' title='bbox 1415 292 1484 330; x_wconf 88' lang='lat' dir='ltr'>sed</span> 
     </span>
     <span class='ocr_line' id='line_1_4' title="bbox 318 369 1489 415; baseline -0.005 -5"><span class='ocrx_word' id='word_1_22' title='bbox 318 372 617 411; x_wconf 71' lang='lat' dir='ltr'>multitudinem</span> <span class='ocrx_word' id='word_1_23' title='bbox 647 371 745 408; x_wconf 81' lang='lat' dir='ltr'>haec</span> <span class='ocrx_word' id='word_1_24' title='bbox 774 372 944 407; x_wconf 84' lang='lat' dir='ltr'>maxime</span> <span class='ocrx_word' id='word_1_25' title='bbox 971 369 1095 406; x_wconf 76' lang='lat' dir='ltr'>allicit</span> <span class='ocrx_word' id='word_1_26' title='bbox 1125 369 1230 414; x_wconf 90' lang='lat' dir='ltr'>quod</span> <span class='ocrx_word' id='word_1_27' title='bbox 1259 372 1315 406; x_wconf 85' lang='lat' dir='ltr'>ita</span> <span class='ocrx_word' id='word_1_28' title='bbox 1345 373 1489 415; x_wconf 80' lang='lat' dir='ltr'>putant</span> 
     </span>
     <span class='ocr_line' id='line_1_5' title="bbox 317 440 1488 488; baseline -0.004 -7"><span class='ocrx_word' id='word_1_29' title='bbox 317 445 394 481; x_wconf 90' lang='lat' dir='ltr'>dici</span> <span class='ocrx_word' id='word_1_30' title='bbox 414 445 463 480; x_wconf 86' lang='lat' dir='ltr'>ab</span> <span class='ocrx_word' id='word_1_31' title='bbox 484 443 564 488; x_wconf 87' lang='lat' dir='ltr'>illo,</span> <span class='ocrx_word' id='word_1_32' title='bbox 580 447 690 480; x_wconf 85' lang='lat' dir='ltr'>recta</span> <span class='ocrx_word' id='word_1_33' title='bbox 710 447 752 479; x_wconf 92' lang='lat' dir='ltr'>et</span> <span class='ocrx_word' id='word_1_34' title='bbox 772 442 940 478; x_wconf 83' lang='lat' dir='ltr'>honesta</span> <span class='ocrx_word' id='word_1_35' title='bbox 959 453 1059 486; x_wconf 87' lang='lat' dir='ltr'>quae</span> <span class='ocrx_word' id='word_1_36' title='bbox 1081 443 1172 485; x_wconf 87' lang='lat' dir='ltr'>sint,</span> <span class='ocrx_word' id='word_1_37' title='bbox 1189 453 1235 477; x_wconf 88' lang='lat' dir='ltr'>ea</span> <span class='ocrx_word' id='word_1_38' title='bbox 1255 440 1385 477; x_wconf 83' lang='lat' dir='ltr'>facere</span> <span class='ocrx_word' id='word_1_39' title='bbox 1405 443 1488 486; x_wconf 85' lang='lat' dir='ltr'>ipsa</span> 
     </span>
     <span class='ocr_line' id='line_1_6' title="bbox 316 512 1486 563; baseline -0.004 -10"><span class='ocrx_word' id='word_1_40' title='bbox 316 530 387 563; x_wconf 84' lang='lat' dir='ltr'>per</span> <span class='ocrx_word' id='word_1_41' title='bbox 407 529 448 553; x_wconf 92' lang='lat' dir='ltr'>se</span> <span class='ocrx_word' id='word_1_42' title='bbox 468 516 676 559; x_wconf 77' lang='lat' dir='ltr'>laetitiam,</span> <span class='ocrx_word' id='word_1_43' title='bbox 697 514 738 551; x_wconf 91' lang='lat' dir='ltr'>id</span> <span class='ocrx_word' id='word_1_44' title='bbox 759 518 820 551; x_wconf 87' lang='lat' dir='ltr'>est</span> <span class='ocrx_word' id='word_1_45' title='bbox 840 512 1097 558; x_wconf 87' lang='lat' dir='ltr'>voluptatem.</span> <span class='ocrx_word' id='word_1_46' title='bbox 1136 512 1331 549; x_wconf 87' lang='lat' dir='ltr'>Homines</span> <span class='ocrx_word' id='word_1_47' title='bbox 1347 515 1486 558; x_wconf 84' lang='lat' dir='ltr'>optimi</span> 
     </span>
     <span class='ocr_line' id='line_1_7' title="bbox 316 588 1485 633; baseline -0.003 -7"><span class='ocrx_word' id='word_1_48' title='bbox 316 603 395 627; x_wconf 88' lang='lat' dir='ltr'>non</span> <span class='ocrx_word' id='word_1_49' title='bbox 425 588 669 633; x_wconf 84' lang='lat' dir='ltr'>intellegunt</span> <span class='ocrx_word' id='word_1_50' title='bbox 698 592 823 624; x_wconf 82' lang='lat' dir='ltr'>totam</span> <span class='ocrx_word' id='word_1_51' title='bbox 850 589 1045 623; x_wconf 85' lang='lat' dir='ltr'>rationem</span> <span class='ocrx_word' id='word_1_52' title='bbox 1066 588 1191 622; x_wconf 88' lang='lat' dir='ltr'>everti</span> <span class='ocrx_word' id='word_1_53' title='bbox 1218 588 1249 622; x_wconf 88' lang='lat' dir='ltr'>si</span> <span class='ocrx_word' id='word_1_54' title='bbox 1274 588 1330 622; x_wconf 85' lang='lat' dir='ltr'>ita</span> <span class='ocrx_word' id='word_1_55' title='bbox 1355 598 1416 622; x_wconf 85' lang='lat' dir='ltr'>res</span> <span class='ocrx_word' id='word_1_56' title='bbox 1444 598 1485 622; x_wconf 90' lang='lat' dir='ltr'>se</span> 
     </span>
     <span class='ocr_line' id='line_1_8' title="bbox 315 656 1484 703; baseline -0.004 -6"><span class='ocrx_word' id='word_1_57' title='bbox 315 661 470 698; x_wconf 85' lang='lat' dir='ltr'>habeat.</span> <span class='ocrx_word' id='word_1_58' title='bbox 504 659 607 696; x_wconf 87' lang='lat' dir='ltr'>Nam</span> <span class='ocrx_word' id='word_1_59' title='bbox 624 662 655 696; x_wconf 89' lang='lat' dir='ltr'>si</span> <span class='ocrx_word' id='word_1_60' title='bbox 671 657 970 702; x_wconf 78' lang='lat' dir='ltr'>concederetur,</span> <span class='ocrx_word' id='word_1_61' title='bbox 987 659 1141 694; x_wconf 83' lang='lat' dir='ltr'>etiamsi</span> <span class='ocrx_word' id='word_1_62' title='bbox 1156 656 1206 693; x_wconf 84' lang='lat' dir='ltr'>ad</span> <span class='ocrx_word' id='word_1_63' title='bbox 1226 670 1365 703; x_wconf 86' lang='lat' dir='ltr'>corpus</span> <span class='ocrx_word' id='word_1_64' title='bbox 1385 657 1484 693; x_wconf 87' lang='lat' dir='ltr'>nihil</span> 
     </span>
     <span class='ocr_line' id='line_1_9' title="bbox 316 728 1486 777; baseline -0.004 -8"><span class='ocrx_word' id='word_1_65' title='bbox 316 732 522 777; x_wconf 86' lang='lat' dir='ltr'>referatur,</span> <span class='ocrx_word' id='word_1_66' title='bbox 543 734 619 768; x_wconf 77' lang='lat' dir='ltr'>ist-a</span> <span class='ocrx_word' id='word_1_67' title='bbox 639 743 707 767; x_wconf 86' lang='lat' dir='ltr'>sua</span> <span class='ocrx_word' id='word_1_68' title='bbox 728 734 870 775; x_wconf 89' lang='lat' dir='ltr'>sponte</span> <span class='ocrx_word' id='word_1_69' title='bbox 892 733 933 766; x_wconf 88' lang='lat' dir='ltr'>et</span> <span class='ocrx_word' id='word_1_70' title='bbox 953 741 1024 774; x_wconf 89' lang='lat' dir='ltr'>per</span> <span class='ocrx_word' id='word_1_71' title='bbox 1045 741 1086 765; x_wconf 91' lang='lat' dir='ltr'>se</span> <span class='ocrx_word' id='word_1_72' title='bbox 1108 741 1192 765; x_wconf 88' lang='lat' dir='ltr'>esse</span> <span class='ocrx_word' id='word_1_73' title='bbox 1213 728 1395 773; x_wconf 80' lang='lat' dir='ltr'>iucunda,</span> <span class='ocrx_word' id='word_1_74' title='bbox 1416 741 1486 774; x_wconf 88' lang='lat' dir='ltr'>per</span> 
     </span>
     <span class='ocr_line' id='line_1_10' title="bbox 316 799 1487 846; baseline -0.003 -5"><span class='ocrx_word' id='word_1_75' title='bbox 316 817 357 841; x_wconf 87' lang='lat' dir='ltr'>se</span> <span class='ocrx_word' id='word_1_76' title='bbox 375 808 479 841; x_wconf 89' lang='lat' dir='ltr'>esset</span> <span class='ocrx_word' id='word_1_77' title='bbox 501 808 542 840; x_wconf 89' lang='lat' dir='ltr'>et</span> <span class='ocrx_word' id='word_1_78' title='bbox 557 806 679 839; x_wconf 83' lang='lat' dir='ltr'>virtus</span> <span class='ocrx_word' id='word_1_79' title='bbox 701 807 742 838; x_wconf 91' lang='lat' dir='ltr'>et</span> <span class='ocrx_word' id='word_1_80' title='bbox 762 803 936 846; x_wconf 73' lang='lat' dir='ltr'>cognitio</span> <span class='ocrx_word' id='word_1_81' title='bbox 956 813 1100 845; x_wconf 79' lang='lat' dir='ltr'>rerum,</span> <span class='ocrx_word' id='word_1_82' title='bbox 1113 799 1219 845; x_wconf 91' lang='lat' dir='ltr'>quod</span> <span class='ocrx_word' id='word_1_83' title='bbox 1238 802 1399 836; x_wconf 90' lang='lat' dir='ltr'>minime</span> <span class='ocrx_word' id='word_1_84' title='bbox 1420 800 1487 837; x_wconf 91' lang='lat' dir='ltr'>ille</span> 
     </span>
     <span class='ocr_line' id='line_1_11' title="bbox 316 874 670 920; baseline -0.006 -8"><span class='ocrx_word' id='word_1_85' title='bbox 316 876 413 920; x_wconf 80' lang='lat' dir='ltr'>vult,</span> <span class='ocrx_word' id='word_1_86' title='bbox 435 874 670 920; x_wconf 84' lang='lat' dir='ltr'>expetenda.</span> 
     </span>
    </p>

    <p class='ocr_par' dir='ltr' id='par_1_3' title="bbox 316 933 1486 1348">
     <span class='ocr_line' id='line_1_12' title="bbox 372 933 1486 990; baseline -0.002 -8"><span class='ocrx_word' id='word_1_87' title='bbox 372 937 395 954; x_wconf 77' lang='lat'><em>“</em></span> <span class='ocrx_word' id='word_1_88' title='bbox 406 946 519 982; x_wconf 85' lang='lat' dir='ltr'>Haec</span> <span class='ocrx_word' id='word_1_89' title='bbox 536 948 656 990; x_wconf 89' lang='lat' dir='ltr'>igitur</span> <span class='ocrx_word' id='word_1_90' title='bbox 673 944 832 990; x_wconf 89' lang='lat' dir='ltr'>Epicuri</span> <span class='ocrx_word' id='word_1_91' title='bbox 848 955 927 979; x_wconf 91' lang='lat' dir='ltr'>non</span> <span class='ocrx_word' id='word_1_92' title='bbox 942 943 1101 988; x_wconf 85' lang='lat' dir='ltr'>probo‚”</span> <span class='ocrx_word' id='word_1_93' title='bbox 1118 945 1287 988; x_wconf 84' lang='lat' dir='ltr'>inquam.</span> <span class='ocrx_word' id='word_1_94' title='bbox 1314 933 1409 980; x_wconf 76' lang='lat' dir='ltr'>“De</span> <span class='ocrx_word' id='word_1_95' title='bbox 1423 956 1486 980; x_wconf 90' lang='lat' dir='ltr'>ce-</span> 
     </span>
     <span class='ocr_line' id='line_1_13' title="bbox 316 1013 1484 1061; baseline -0.003 -6"><span class='ocrx_word' id='word_1_96' title='bbox 316 1024 401 1055; x_wconf 81' lang='lat' dir='ltr'>tero</span> <span class='ocrx_word' id='word_1_97' title='bbox 417 1016 561 1054; x_wconf 88' lang='lat' dir='ltr'>vellem</span> <span class='ocrx_word' id='word_1_98' title='bbox 578 1014 763 1061; x_wconf 86' lang='lat' dir='ltr'>equidem</span> <span class='ocrx_word' id='word_1_99' title='bbox 779 1019 848 1051; x_wconf 85' lang='lat' dir='ltr'>aut</span> <span class='ocrx_word' id='word_1_100' title='bbox 868 1017 951 1059; x_wconf 86' lang='lat' dir='ltr'>ipse</span> <span class='ocrx_word' id='word_1_101' title='bbox 973 1013 1161 1050; x_wconf 84' lang='lat' dir='ltr'>doctrinis</span> <span class='ocrx_word' id='word_1_102' title='bbox 1183 1013 1320 1050; x_wconf 83' lang='lat' dir='ltr'>fuisset</span> <span class='ocrx_word' id='word_1_103' title='bbox 1341 1016 1484 1051; x_wconf 79' lang='lat' dir='ltr'>instru-</span> 
     </span>
     <span class='ocr_line' id='line_1_14' title="bbox 317 1079 1483 1132; baseline -0.004 -6"><span class='ocrx_word' id='word_1_104' title='bbox 317 1092 415 1126; x_wconf 83' lang='lat' dir='ltr'>ctior</span> <span class='ocrx_word' id='word_1_105' title='bbox 439 1079 517 1132; x_wconf 86' lang='lat' dir='ltr'>(est</span> <span class='ocrx_word' id='word_1_106' title='bbox 542 1089 661 1132; x_wconf 89' lang='lat' dir='ltr'>enim,</span> <span class='ocrx_word' id='word_1_107' title='bbox 687 1085 792 1131; x_wconf 90' lang='lat' dir='ltr'>quod</span> <span class='ocrx_word' id='word_1_108' title='bbox 816 1086 889 1121; x_wconf 85' lang='lat' dir='ltr'>tibi</span> <span class='ocrx_word' id='word_1_109' title='bbox 909 1087 964 1121; x_wconf 82' lang='lat' dir='ltr'>ita</span> <span class='ocrx_word' id='word_1_110' title='bbox 983 1084 1109 1121; x_wconf 87' lang='lat' dir='ltr'>videri</span> <span class='ocrx_word' id='word_1_111' title='bbox 1128 1097 1289 1122; x_wconf 88' lang='lat' dir='ltr'>necesse</span> <span class='ocrx_word' id='word_1_112' title='bbox 1311 1090 1383 1131; x_wconf 79' lang='lat' dir='ltr'>est,</span> <span class='ocrx_word' id='word_1_113' title='bbox 1405 1099 1483 1122; x_wconf 88' lang='lat' dir='ltr'>non</span> 
     </span>
     <span class='ocr_line' id='line_1_15' title="bbox 316 1157 1483 1206; baseline -0.003 -9"><span class='ocrx_word' id='word_1_114' title='bbox 316 1164 408 1198; x_wconf 76' lang='lat' dir='ltr'>satis</span> <span class='ocrx_word' id='word_1_115' title='bbox 429 1160 574 1206; x_wconf 88' lang='lat' dir='ltr'>politus</span> <span class='ocrx_word' id='word_1_116' title='bbox 594 1161 640 1195; x_wconf 89' lang='lat' dir='ltr'>iis</span> <span class='ocrx_word' id='word_1_117' title='bbox 666 1158 815 1194; x_wconf 85' lang='lat' dir='ltr'>artibus</span> <span class='ocrx_word' id='word_1_118' title='bbox 836 1169 931 1202; x_wconf 85' lang='lat' dir='ltr'>quas</span> <span class='ocrx_word' id='word_1_119' title='bbox 947 1159 1013 1202; x_wconf 85' lang='lat' dir='ltr'>qui</span> <span class='ocrx_word' id='word_1_120' title='bbox 1030 1161 1173 1193; x_wconf 85' lang='lat' dir='ltr'>tenent</span> <span class='ocrx_word' id='word_1_121' title='bbox 1190 1157 1332 1194; x_wconf 87' lang='lat' dir='ltr'>eruditi</span> <span class='ocrx_word' id='word_1_122' title='bbox 1349 1158 1483 1203; x_wconf 82' lang='lat' dir='ltr'>appel-</span> 
     </span>
     <span class='ocr_line' id='line_1_16' title="bbox 317 1224 1483 1276; baseline -0.003 -8"><span class='ocrx_word' id='word_1_123' title='bbox 317 1224 479 1276; x_wconf 80' lang='lat' dir='ltr'>lantur),</span> <span class='ocrx_word' id='word_1_124' title='bbox 493 1235 561 1266; x_wconf 79' lang='lat' dir='ltr'>aut</span> <span class='ocrx_word' id='word_1_125' title='bbox 574 1243 624 1266; x_wconf 93' lang='grc'>116</span> <span class='ocrx_word' id='word_1_126' title='bbox 641 1229 900 1265; x_wconf 74' lang='lat' dir='ltr'>deterruisset</span> <span class='ocrx_word' id='word_1_127' title='bbox 915 1227 1010 1264; x_wconf 86' lang='lat' dir='ltr'>alios</span> <span class='ocrx_word' id='word_1_128' title='bbox 1025 1241 1047 1264; x_wconf 83' lang='lat' dir='ltr'>a</span> <span class='ocrx_word' id='word_1_129' title='bbox 1063 1227 1211 1264; x_wconf 83' lang='lat' dir='ltr'>studiis.</span> <span class='ocrx_word' id='word_1_130' title='bbox 1236 1227 1483 1274; x_wconf 80' lang='lat' dir='ltr'>Quamquam</span> 
     </span>
     <span class='ocr_line' id='line_1_17' title="bbox 317 1298 1255 1348; baseline -0.006 -8"><span class='ocrx_word' id='word_1_131' title='bbox 317 1309 357 1341; x_wconf 86' lang='lat' dir='ltr'>te</span> <span class='ocrx_word' id='word_1_132' title='bbox 379 1302 539 1348; x_wconf 88' lang='lat' dir='ltr'>quidem</span> <span class='ocrx_word' id='word_1_133' title='bbox 560 1300 674 1337; x_wconf 81' lang='lat' dir='ltr'>video</span> <span class='ocrx_word' id='word_1_134' title='bbox 694 1302 855 1336; x_wconf 89' lang='lat' dir='ltr'>minime</span> <span class='ocrx_word' id='word_1_135' title='bbox 877 1311 962 1335; x_wconf 84' lang='lat' dir='ltr'>esse</span> <span class='ocrx_word' id='word_1_136' title='bbox 982 1298 1255 1335; x_wconf 89' lang='lat' dir='ltr'>deterritum.’&#39;</span> 
     </span>
    </p>

    <p class='ocr_par' dir='ltr' id='par_1_4' title="bbox 313 1370 1487 1988">
     <span class='ocr_line' id='line_1_18' title="bbox 373 1370 1484 1418; baseline -0.002 -9"><span class='ocrx_word' id='word_1_137' title='bbox 373 1373 483 1409; x_wconf 75' lang='lat' dir='ltr'>VIII.</span> <span class='ocrx_word' id='word_1_138' title='bbox 518 1372 629 1418; x_wconf 79' lang='lat' dir='ltr'>Quae</span> <span class='ocrx_word' id='word_1_139' title='bbox 651 1384 740 1407; x_wconf 88' lang='lat' dir='ltr'>cum</span> <span class='ocrx_word' id='word_1_140' title='bbox 768 1370 967 1415; x_wconf 82' lang='lat' dir='ltr'>dixissem,</span> <span class='ocrx_word' id='word_1_141' title='bbox 987 1372 1112 1415; x_wconf 78' lang='lat' dir='ltr'>magis</span> <span class='ocrx_word' id='word_1_142' title='bbox 1138 1375 1183 1406; x_wconf 87' lang='lat' dir='ltr'>ut</span> <span class='ocrx_word' id='word_1_143' title='bbox 1210 1370 1321 1406; x_wconf 91' lang='lat' dir='ltr'>illum</span> <span class='ocrx_word' id='word_1_144' title='bbox 1348 1383 1484 1417; x_wconf 78' lang='lat' dir='ltr'>provo-</span> 
     </span>
     <span class='ocr_line' id='line_1_19' title="bbox 316 1443 1487 1492; baseline -0.002 -8"><span class='ocrx_word' id='word_1_145' title='bbox 316 1461 446 1485; x_wconf 85' lang='lat' dir='ltr'>carem</span> <span class='ocrx_word' id='word_1_146' title='bbox 480 1459 597 1492; x_wconf 86' lang='lat' dir='ltr'>quam</span> <span class='ocrx_word' id='word_1_147' title='bbox 627 1450 671 1482; x_wconf 92' lang='lat' dir='ltr'>ut</span> <span class='ocrx_word' id='word_1_148' title='bbox 700 1448 782 1490; x_wconf 89' lang='lat' dir='ltr'>ipse</span> <span class='ocrx_word' id='word_1_149' title='bbox 812 1444 1007 1489; x_wconf 89' lang='lat' dir='ltr'>loquerer,</span> <span class='ocrx_word' id='word_1_150' title='bbox 1028 1448 1114 1480; x_wconf 90' lang='lat' dir='ltr'>tum</span> <span class='ocrx_word' id='word_1_151' title='bbox 1141 1443 1311 1480; x_wconf 81' lang='lat' dir='ltr'>Triarius</span> <span class='ocrx_word' id='word_1_152' title='bbox 1341 1445 1487 1482; x_wconf 85' lang='lat' dir='ltr'>leniter</span> 
     </span>
     <span class='ocr_line' id='line_1_20' title="bbox 316 1505 1483 1562; baseline -0.001 -7"><span class='ocrx_word' id='word_1_153' title='bbox 316 1519 515 1555; x_wconf 82' lang='lat' dir='ltr'>arridens:</span> <span class='ocrx_word' id='word_1_154' title='bbox 547 1508 570 1525; x_wconf 75' lang='grc'><strong><em>“</em></strong></span> <span class='ocrx_word' id='word_1_155' title='bbox 583 1517 642 1553; x_wconf 88' lang='lat' dir='ltr'>Tu</span> <span class='ocrx_word' id='word_1_156' title='bbox 675 1515 873 1562; x_wconf 86' lang='lat' dir='ltr'>quidem,’&#39;</span> <span class='ocrx_word' id='word_1_157' title='bbox 903 1518 1044 1560; x_wconf 90' lang='lat' dir='ltr'>inquit,</span> <span class='ocrx_word' id='word_1_158' title='bbox 1072 1505 1239 1552; x_wconf 81' lang='lat' dir='ltr'>“totum</span> <span class='ocrx_word' id='word_1_159' title='bbox 1271 1516 1483 1561; x_wconf 81' lang='lat' dir='ltr'>Epicurum</span> 
     </span>
     <span class='ocr_line' id='line_1_21' title="bbox 316 1586 1482 1636; baseline -0.002 -9"><span class='ocrx_word' id='word_1_160' title='bbox 316 1602 442 1636; x_wconf 86' lang='lat' dir='ltr'>paene</span> <span class='ocrx_word' id='word_1_161' title='bbox 477 1602 498 1626; x_wconf 93' lang='grc'><strong>6</strong></span> <span class='ocrx_word' id='word_1_162' title='bbox 533 1586 855 1634; x_wconf 86' lang='lat' dir='ltr'>philosophorum</span> <span class='ocrx_word' id='word_1_163' title='bbox 890 1586 1008 1622; x_wconf 89' lang='lat' dir='ltr'>choro</span> <span class='ocrx_word' id='word_1_164' title='bbox 1042 1586 1244 1623; x_wconf 81' lang='lat' dir='ltr'>sustulisti.</span> <span class='ocrx_word' id='word_1_165' title='bbox 1305 1586 1412 1632; x_wconf 81' lang='lat' dir='ltr'>Quid</span> <span class='ocrx_word' id='word_1_166' title='bbox 1447 1592 1482 1625; x_wconf 93' lang='lat' dir='ltr'>ei</span> 
     </span>
     <span class='ocr_line' id='line_1_22' title="bbox 315 1656 1482 1706; baseline -0.002 -9"><span class='ocrx_word' id='word_1_167' title='bbox 315 1661 508 1706; x_wconf 80' lang='lat' dir='ltr'>reliquisti</span> <span class='ocrx_word' id='word_1_168' title='bbox 538 1661 610 1695; x_wconf 82' lang='lat' dir='ltr'>nisi</span> <span class='ocrx_word' id='word_1_169' title='bbox 641 1663 695 1703; x_wconf 85' lang='lat' dir='ltr'>te,</span> <span class='ocrx_word' id='word_1_170' title='bbox 726 1670 882 1702; x_wconf 86' lang='lat' dir='ltr'>quoquo</span> <span class='ocrx_word' id='word_1_171' title='bbox 911 1656 1028 1693; x_wconf 89' lang='lat' dir='ltr'>modo</span> <span class='ocrx_word' id='word_1_172' title='bbox 1057 1657 1297 1703; x_wconf 86' lang='lat' dir='ltr'>loqueretur,</span> <span class='ocrx_word' id='word_1_173' title='bbox 1325 1659 1482 1695; x_wconf 91' lang='lat' dir='ltr'>intelle-</span> 
     </span>
     <span class='ocr_line' id='line_1_23' title="bbox 314 1728 1482 1777; baseline -0.001 -9"><span class='ocrx_word' id='word_1_174' title='bbox 314 1744 408 1777; x_wconf 86' lang='lat' dir='ltr'>gere</span> <span class='ocrx_word' id='word_1_175' title='bbox 430 1730 525 1776; x_wconf 90' lang='lat' dir='ltr'>quid</span> <span class='ocrx_word' id='word_1_176' title='bbox 546 1730 721 1766; x_wconf 83' lang='lat' dir='ltr'>diceret?</span> <span class='ocrx_word' id='word_1_177' title='bbox 780 1728 922 1764; x_wconf 83' lang='lat' dir='ltr'>Aliena</span> <span class='ocrx_word' id='word_1_178' title='bbox 942 1728 1043 1765; x_wconf 84' lang='lat' dir='ltr'>dixit</span> <span class='ocrx_word' id='word_1_179' title='bbox 1062 1731 1103 1764; x_wconf 92' lang='lat' dir='ltr'>in</span> <span class='ocrx_word' id='word_1_180' title='bbox 1130 1728 1314 1774; x_wconf 74' lang='lat' dir='ltr'>physicis,</span> <span class='ocrx_word' id='word_1_181' title='bbox 1336 1743 1409 1765; x_wconf 86' lang='lat' dir='ltr'>nec</span> <span class='ocrx_word' id='word_1_182' title='bbox 1438 1743 1482 1767; x_wconf 83' lang='lat' dir='ltr'>ea</span> 
     </span>
     <span class='ocr_line' id='line_1_24' title="bbox 314 1799 1482 1849; baseline -0.001 -10"><span class='ocrx_word' id='word_1_183' title='bbox 314 1807 398 1849; x_wconf 80' lang='lat' dir='ltr'>ipsa</span> <span class='ocrx_word' id='word_1_184' title='bbox 421 1815 519 1848; x_wconf 83' lang='lat' dir='ltr'>quae</span> <span class='ocrx_word' id='word_1_185' title='bbox 545 1802 616 1837; x_wconf 85' lang='lat' dir='ltr'>tibi</span> <span class='ocrx_word' id='word_1_186' title='bbox 643 1801 913 1846; x_wconf 82' lang='lat' dir='ltr'>probarentur.</span> <span class='ocrx_word' id='word_1_187' title='bbox 974 1799 1015 1838; x_wconf 87' lang='lat' dir='ltr'>Si</span> <span class='ocrx_word' id='word_1_188' title='bbox 1043 1812 1119 1845; x_wconf 81' lang='lat' dir='ltr'>qua</span> <span class='ocrx_word' id='word_1_189' title='bbox 1148 1802 1189 1836; x_wconf 90' lang='lat' dir='ltr'>in</span> <span class='ocrx_word' id='word_1_190' title='bbox 1215 1803 1260 1837; x_wconf 90' lang='lat' dir='ltr'>iis</span> <span class='ocrx_word' id='word_1_191' title='bbox 1288 1804 1482 1845; x_wconf 84' lang='lat' dir='ltr'>corrigere</span> 
     </span>
     <span class='ocr_line' id='line_1_25' title="bbox 314 1870 1480 1918; baseline -0.003 -7"><span class='ocrx_word' id='word_1_192' title='bbox 314 1874 450 1918; x_wconf 83' lang='lat' dir='ltr'>voluit,</span> <span class='ocrx_word' id='word_1_193' title='bbox 483 1873 680 1909; x_wconf 83' lang='lat' dir='ltr'>deteriora</span> <span class='ocrx_word' id='word_1_194' title='bbox 718 1870 823 1907; x_wconf 81' lang='lat' dir='ltr'>fecit.</span> <span class='ocrx_word' id='word_1_195' title='bbox 899 1870 1129 1907; x_wconf 87' lang='lat' dir='ltr'>Disserendi</span> <span class='ocrx_word' id='word_1_196' title='bbox 1167 1875 1293 1907; x_wconf 83' lang='lat' dir='ltr'>artem</span> <span class='ocrx_word' id='word_1_197' title='bbox 1332 1871 1480 1908; x_wconf 75' lang='lat' dir='ltr'>nullam</span> 
     </span>
     <span class='ocr_line' id='line_1_26' title="bbox 313 1941 1478 1988; baseline -0.002 -7"><span class='ocrx_word' id='word_1_198' title='bbox 313 1945 460 1981; x_wconf 86' lang='lat' dir='ltr'>habuit.</span> <span class='ocrx_word' id='word_1_199' title='bbox 521 1942 777 1988; x_wconf 80' lang='lat' dir='ltr'>Voluptatem</span> <span class='ocrx_word' id='word_1_200' title='bbox 802 1954 889 1977; x_wconf 90' lang='lat' dir='ltr'>cum</span> <span class='ocrx_word' id='word_1_201' title='bbox 923 1954 1117 1978; x_wconf 90' lang='lat' dir='ltr'>summum</span> <span class='ocrx_word' id='word_1_202' title='bbox 1144 1942 1291 1977; x_wconf 88' lang='lat' dir='ltr'>bonum</span> <span class='ocrx_word' id='word_1_203' title='bbox 1315 1941 1478 1988; x_wconf 78' lang='lat' dir='ltr'>diceret,</span> 
     </span>
    </p>
   </div>
   <div class='ocr_carea' id='block_1_3' title="bbox 313 2012 1476 2106">
    <p class='ocr_par' dir='ltr' id='par_1_5' title="bbox 313 2012 1476 2106">
     <span class='ocr_line' id='line_1_27' title="bbox 313 2012 1476 2062; baseline -0.001 -10"><span class='ocrx_word' id='word_1_204' title='bbox 313 2019 483 2062; x_wconf 85' lang='lat' dir='ltr'>primum</span> <span class='ocrx_word' id='word_1_205' title='bbox 503 2017 543 2051; x_wconf 88' lang='lat' dir='ltr'>in</span> <span class='ocrx_word' id='word_1_206' title='bbox 569 2026 615 2050; x_wconf 90' lang='lat' dir='ltr'>eo</span> <span class='ocrx_word' id='word_1_207' title='bbox 642 2016 725 2059; x_wconf 88' lang='lat' dir='ltr'>ipso</span> <span class='ocrx_word' id='word_1_208' title='bbox 752 2025 888 2058; x_wconf 83' lang='lat' dir='ltr'>parum</span> <span class='ocrx_word' id='word_1_209' title='bbox 916 2013 1027 2058; x_wconf 85' lang='lat' dir='ltr'>vidit,</span> <span class='ocrx_word' id='word_1_210' title='bbox 1049 2012 1194 2049; x_wconf 89' lang='lat' dir='ltr'>deinde</span> <span class='ocrx_word' id='word_1_211' title='bbox 1221 2012 1294 2050; x_wconf 88' lang='lat' dir='ltr'>hoc</span> <span class='ocrx_word' id='word_1_212' title='bbox 1321 2025 1476 2061; x_wconf 88' lang='lat' dir='ltr'>quoque</span> 
     </span>
     <span class='ocr_line' id='line_1_28' title="bbox 425 2075 472 2106; baseline 0.021 -1"><span class='ocrx_word' id='word_1_213' title='bbox 425 2075 472 2106; x_wconf 70' lang='lat'>28</span> 
     </span>
    </p>
   </div>
  </div>
 </body>
</html>
