1533 2349
578 77 773 115 ClcERO
805 76 878 114 DE
900 67 1124 118 'FINIBUS

266 161 471 204 tipatrum,
494 156 787 201 Mnesarchum,
811 156 1053 203 Panaetium,
1079 159 1224 197 multos
1251 159 1359 205 alios,
1386 162 1427 197 in

268 215 483 259 primisque
510 212 743 248 familiarem
769 216 950 248 nostrum
978 212 1235 250 Posidonium.
1297 213 1428 260 Quid?

269 267 565 313 Theophrastus
603 267 910 303 mediocriterne
948 266 1121 304 delectat
1157 282 1246 305 cum
1284 273 1431 305 tractat

269 322 375 359 locos
383 323 432 358 ab
443 321 659 358 Aristotele
668 326 762 357 ante
771 322 985 357 tractatos?
1000 320 1128 367 Quid?
1142 323 1325 369 Epicurei
1335 336 1430 359 num

270 377 470 414 desistunt
485 377 535 413 de
551 376 705 421 iisdem,
719 375 770 412 de
786 376 928 420 quibus
944 381 985 412 et
997 377 1045 412 ab
1059 377 1225 422 Epicuro
1241 381 1430 423 scriptum

272 437 333 469 est
346 436 387 468 et
400 432 448 468 ab
462 434 645 476 antiquis,
663 430 713 467 ad
725 431 932 467 arbitrium
945 443 1059 467 suum
1070 433 1261 469 scribere?
1279 432 1429 478 Quodsi

273 487 415 523 Graeci
426 486 616 531 leguntur
628 499 650 521 a
665 485 838 530 Graecis,
850 485 991 522 iisdem
1004 485 1054 522 de
1066 487 1180 523 rebus
1192 487 1267 523 alia
1278 490 1430 523 ratione

272 544 510 586 compositis,
528 540 623 586 quid
639 545 700 577 est
716 553 784 576 cur
799 543 923 577 nostri
938 553 961 576 a
975 544 1117 577 nostris
1131 554 1210 578 non
1223 541 1429 586 legantur?

329 596 402 632 ΙΙΙ.
463 595 713 640 Quamquam
742 597 774 631 si
798 595 915 640 plane
935 597 989 632 sic
1009 600 1204 632 verterem
1225 596 1431 633 Platonem

272 656 341 687 aut
370 650 629 686 Aristotelem
658 654 704 686 ut
726 655 935 686 verterunt
959 653 1083 686 nostri
1105 656 1244 696 poetae
1268 651 1432 696 fabulas,

272 706 388 749 male,
421 705 551 750 credo>
583 718 757 741 mererer
788 705 838 742 de
867 707 965 741 meis
995 705 1140 742 civibus
1168 708 1199 742 si
1221 706 1272 742 ad
1299 719 1433 742 eorum

273 763 542 806 cognitionem
562 759 694 796 divina
713 759 780 795 illa
799 762 960 804 ingenia
978 759 1239 797 transferrem.
1295 761 1374 797 Sed
1394 760 1433 796 id

271 828 401 860 neque
428 815 505 851 feci
532 815 661 851 adhuc
687 827 762 851 nec
788 814 886 850 mihi
912 819 1048 851 tamen
1073 827 1124 851 ne
1150 814 1289 851 faciam
1312 818 1434 851 inter-

274 871 425 907 dictum
452 874 559 915 puto.
621 869 744 905 Locos
768 869 930 914 quidem
953 869 1153 915 quosdam,
1174 872 1204 906 si
1223 870 1433 914 videbitur,

273 924 520 969 transferam,
543 929 584 960 et
612 927 781 960 maxime
811 925 861 960 ab
886 926 932 960 iis
958 937 1054 969 quos
1080 924 1195 960 modo
1223 927 1432 968 nominavi,

274 992 363 1016 eum
388 979 574 1015 inciderit
600 984 644 1015 ut
670 979 710 1015 id
737 984 829 1024 apte
854 978 937 1015 fieri
956 981 1097 1024 possit3
1125 983 1170 1015 ut
1187 979 1236 1015 ab
1257 979 1433 1015 Homero

276 1034 438 1078 Ennius,
467 1033 652 1070 Afranius
682 1047 704 1069 a
736 1034 956 1070 Menandro
985 1033 1094 1070 solet.
1153 1034 1237 1070 Nec
1260 1046 1364 1078 vere,
1388 1039 1433 1070 ut

274 1094 409 1125 noster
448 1088 635 1133 Lucilius,
669 1089 856 1124 recusabo
894 1101 972 1134 quo
1009 1091 1137 1125 minus
1175 1101 1309 1125 omnes
1346 1101 1434 1124 mea

273 1145 421 1189 legant.
483 1143 647 1180 Utinam
675 1148 780 1180 esset
805 1143 872 1180 ille
901 1143 1072 1180 Persius!
1130 1143 1258 1188 Scipio
1277 1155 1369 1179 vero
1394 1147 1436 1179 et

277 1198 446 1234 Rutilius
474 1198 600 1234 multo
630 1201 750 1234 etiam
779 1201 923 1243 magis3
961 1211 1126 1243 quorum
1153 1197 1220 1234 ille
1248 1197 1435 1234 iudicium

275 1253 534 1289 reformidans
573 1253 797 1289 Tarentinis
839 1256 895 1290 ait
937 1266 978 1289 se
1020 1257 1063 1289 et
1104 1252 1351 1289 Consentinis
1394 1257 1436 1288 et

276 1308 415 1345 Siculis
440 1308 621 1344 scribere.
670 1308 813 1344 Facete
843 1310 875 1344 is
905 1307 1078 1353 quidem,
1103 1310 1203 1344 sicut
1225 1299 1341 1350 alia¹;
1365 1307 1434 1343 sed

275 1375 405 1407 neque
444 1367 527 1398 tam
565 1362 671 1399 docti
706 1368 792 1399 tum
824 1368 937 1399 erant
971 1362 1021 1399 ad
1054 1375 1218 1408 quorum
1247 1361 1435 1397 iudicium

276 1418 507 1461 elaboraret,
529 1422 571 1454 et
591 1422 683 1454 sunt
703 1417 806 1454 illius
827 1421 972 1463 scripta
993 1417 1151 1462 leviora,
1172 1421 1216 1453 ut
1235 1417 1435 1452 urbanitas

275 1485 426 1509 summa
458 1477 659 1517 appareat,
694 1472 874 1509 doctrina
907 1472 1124 1508 mediocris.
1183 1471 1269 1516 Ego
1301 1476 1435 1507 autem

274 1540 391 1573 quem
416 1529 577 1563 timeam
602 1526 805 1572 lectorem,
827 1541 915 1564 cum
939 1527 989 1563 ad
1015 1532 1069 1571 te,
1090 1539 1140 1563 ne
1169 1526 1327 1562 Graecis
1351 1528 1434 1571 qui-

613 1595 623 1613 ¹
639 1595 712 1625 alia
732 1595 829 1626 Mdv.
848 1606 855 1632 ;
873 1595 967 1625 alias
983 1593 1084 1626 MSS.

317 1673 505 1709 &Lucilius
521 1674 580 1704 the
597 1674 745 1711 satirist‚
765 1674 902 1714 148-103
917 1682 1003 1711 B.C.‚
1019 1672 1166 1704 avowed
1180 1673 1257 1703 that
1270 1672 1312 1702 he
1325 1676 1435 1702 wrote

275 1716 330 1747 for
359 1717 417 1746 the
449 1716 667 1757 moderately
699 1717 842 1747 learned
873 1718 942 1748 like
974 1717 1124 1750 Laelius.
1153 1720 1214 1746 not
1244 1715 1298 1745 for
1328 1719 1434 1755 great

275 1760 435 1790 scholars
453 1760 521 1790 like
541 1760 703 1790 Persius:
724 1763 731 1776 ‘
748 1760 905 1791 Persium
926 1770 994 1791 non
1019 1769 1101 1790 curo
1124 1759 1255 1798 legere,
1276 1758 1432 1788 Laelium

277 1803 460 1833 Decimum
484 1803 582 1832 volo’
606 1802 693 1842 (Cic.
720 1803 761 1833 de
786 1803 843 1834 Or.
865 1802 964 1843 2.25).
1015 1802 1052 1833 In
1076 1802 1135 1832 the
1160 1805 1244 1832 next
1267 1805 1433 1831 sentence

274 1847 356 1876 here
388 1844 514 1875 Cicero
545 1855 660 1875 seems
691 1850 726 1876 to
757 1846 849 1876 refer
880 1851 915 1877 to
945 1856 1043 1877 some
1073 1845 1173 1876 other
1204 1854 1365 1884 passage
1396 1842 1436 1874 of

274 1888 437 1925 Lucilius,
459 1888 492 1918 in
517 1888 629 1918 which
655 1889 696 1918 he
721 1898 783 1928 put
807 1889 861 1920 his
885 1889 1009 1920 claims
1033 1888 1104 1919 still
1127 1889 1237 1918 lower
1259 1887 1331 1917 and
1354 1897 1433 1927 pro-

272 1931 391 1962 fessed
415 1936 451 1961 to
475 1931 574 1961 write
597 1930 652 1961 for
675 1931 837 1962 illiterato
861 1931 1086 1972 provincials,
1112 1935 1172 1961 not
1195 1930 1250 1961 for
1272 1929 1430 1960 cultured

270 1975 454 2005 noblemen
467 1974 534 2004 like
546 1973 662 2014 Scipio
672 1974 859 2005 Africanus
875 1975 990 2005 Minor
1002 1974 1072 2006 and
1086 1974 1121 2005 P.
1138 1973 1288 2004 Rutilius
1304 1972 1427 2004 Rufus.

376 2028 399 2061 8
