1574 2359
226 514 274 553 16

228 1185 273 1222 17

611 102 808 139 CICERO
839 100 915 138 DE
944 100 1164 140 FINIBUS

302 193 383 219 non
412 182 571 227 habeat,
591 194 672 218 non
699 180 913 217 admodum
939 180 1124 226 flagitem.
1187 181 1242 217 Re
1265 179 1363 216 mihi
1389 192 1468 216 non

303 262 430 295 aeque
451 249 643 286 satisfacit
652 241 678 294 ¹,
695 253 737 285 et
753 247 914 294 quidem
930 247 1024 284 locis
1040 247 1226 294 pluribus.
1259 246 1338 284 Sed
1355 237 1471 292 ‘quot

304 314 498 361 homines,
541 319 604 352 tot
638 313 899 359 sententiae'3
945 313 1030 350 falli
1067 315 1188 359 igitur
1225 311 1469 360 possumus.''

305 372 609 428 “Quamobrem
640 380 845 427 tandem,’'
879 383 1022 428 inquit,
1048 371 1162 417 “non
1187 380 1400 418 satisfacit?
1430 384 1472 417 te

306 451 413 485 enim
444 448 616 485 iudicem
650 461 820 494 aequum
851 452 961 494 puto,
991 447 1110 484 modo
1138 460 1238 493 quae
1269 447 1376 484 dicat
1406 446 1473 483 ille

305 516 407 553 bene
454 515 600 552 noris.''
674 505 794 551 “Nisi
840 514 939 551 mihi
987 513 1248 560 Phaedrum,''
1297 516 1471 560 inquam,

304 573 558 619 “mentitum
589 586 659 618 aut
690 581 890 618 Zenonem
915 585 1042 627 putas,
1067 594 1233 627 quorum
1259 585 1470 626 utrumque

303 649 448 694 audivi,
488 662 578 685 cum
616 648 714 685 mihi
752 647 852 684 nihil
890 661 984 685 sane
1022 652 1180 694 praeter
1217 647 1471 685 sedulitatem

303 716 530 763 probarent,
552 728 688 752 omnes
704 714 801 751 mihi
822 715 981 760 Epicuri
1000 717 1223 752 sententiae
1243 717 1335 751 satis
1354 720 1473 751 notae

304 787 418 826 sunt3
447 786 568 827 atque
600 795 666 818 eos
698 794 794 827 quos
826 783 1024 817 nominavi
1056 794 1145 818 cum
1176 781 1313 818 Attico
1339 786 1474 818 nostro

305 848 539 895 frequenter
554 847 698 892 audivi,
716 861 805 884 cum
825 850 1034 884 miraretur
1053 847 1120 884 ille
1141 847 1303 893 quidem
1322 852 1473 885 utrum-

304 928 396 962 que,
437 915 661 952 Phaedrum
700 919 835 951 autem
873 916 994 951 etiam
1031 919 1203 958 amaret3
1245 914 1470 960 cotidieque

304 985 411 1019 inter
430 995 501 1019 nos
529 995 575 1018 ea
600 994 700 1027 quae
726 980 982 1017 audiebamus
1009 980 1320 1027 conferebamus,
1340 994 1470 1027 neque

305 1054 391 1086 erat
408 1061 595 1093 umquam
615 1049 879 1084 controversia
898 1047 994 1092 quid
1009 1059 1083 1092 ego
1098 1047 1387 1094 intellegerem,
1401 1047 1471 1085 sed

305 1115 399 1161 quid
419 1113 665 1161 probarem.'’

361 1181 428 1217 VI.
462 1172 604 1226 “Quid
642 1183 764 1225 igitur
803 1179 919 1217 est?”
960 1181 1109 1226 inquit3
1157 1170 1326 1218 “audire
1365 1184 1470 1218 enim

307 1251 423 1294 cupio
444 1247 539 1293 quid
568 1260 648 1284 non
670 1246 850 1292 probes.''
910 1236 1179 1293 “Pi-incipio,'’
1201 1250 1376 1293 inquam,
1397 1238 1470 1284 “in

306 1315 490 1362 physicis,
511 1314 652 1360 quibus
672 1316 842 1350 maxime
862 1313 1065 1359 gloriatur,
1085 1316 1255 1359 primum
1281 1319 1388 1351 totus
1413 1318 1473 1351 est

306 1382 469 1419 alienus.
530 1381 786 1417 Democritea
806 1379 917 1426 dicit,
932 1393 1129 1426 perpauca
1143 1385 1313 1426 mutans,
1334 1380 1472 1418 sedita

302 1453 349 1486 ut
381 1461 428 1485 ea
462 1460 563 1493 quae
595 1449 791 1492 coi-rigere
822 1446 908 1483 vult
938 1446 1035 1483 mihi
1066 1446 1227 1492 quidem
1257 1446 1471 1493 depravare

305 1515 496 1552 videatur.
558 1513 631 1550 Ille
652 1518 803 1550 atomos
824 1525 919 1558 quas
939 1512 1126 1559 appellat,
1154 1513 1195 1550 id
1222 1518 1283 1550 est
1309 1527 1469 1560 corpora

303 1581 507 1618 individua
521 1585 683 1626 propter
699 1579 953 1625 soliditatem,
970 1584 1107 1616 censet
1121 1581 1162 1615 in
1180 1579 1335 1616 infinito
1349 1582 1468 1626 inani,

303 1650 345 1684 in
365 1660 442 1693 quo
458 1646 557 1683 nihil
577 1659 652 1682 nec
672 1659 869 1682 summum
894 1658 969 1682 nec
995 1645 1173 1682 infimum
1192 1659 1266 1683 nec
1292 1647 1468 1684 medium

302 1727 378 1751 nec
404 1705 617 1751 intimum2
648 1725 723 1749 nec
756 1715 979 1749 extremum
1005 1714 1070 1758 sit,
1098 1715 1154 1749 ita
1182 1712 1275 1749 ferri
1302 1718 1347 1750 ut
1376 1727 1466 1750 con-

303 1780 548 1818 cursionibus
568 1781 673 1815 inter
693 1791 735 1815 se
756 1777 1050 1824 cohaerescant,
1072 1790 1121 1815 ex
1147 1791 1224 1824 quo
1252 1779 1469 1817 efficiantur

352 1851 551 1892 ¹satisfizcz't
568 1850 661 1881 Mdv.
682 1860 724 1880 as
742 1849 854 1880 below
865 1861 873 1887 ;
900 1849 1000 1881 MSS.
1021 1850 1103 1881 here
1118 1850 1300 1890 satz'sscit.

351 1894 363 1914 ²
376 1895 542 1926 intimum
560 1894 682 1932 Jonas,
702 1893 849 1930 Miiller3
867 1893 1031 1924 ultimum
1050 1892 1144 1924 MdV.
1165 1894 1247 1924 with
1267 1894 1367 1925 MSS.

642 1987 658 2005 a
670 1982 839 2020 Terence,
857 1981 1018 2014 Phormio
1033 1990 1107 2023 454·

414 2041 424 2072 l
437 2040 458 2071 8
