1574 2364
213 893 256 930 61

607 152 803 189 CICERO
834 152 908 189 DE
939 152 1158 191 FINIBUS

299 247 386 271 mus
424 235 709 277 consequentia
747 234 968 277 exquirere,
1005 232 1135 277 quoad
1173 235 1224 268 sit
1271 232 1312 268 id
1359 233 1465 278 quod

301 289 480 325 volumus
514 287 725 326 effectum:
769 286 875 331 quod
909 286 1070 332 quidem
1104 287 1226 332 pluris
1258 292 1320 324 est
1358 287 1464 324 haud

301 343 415 388 paulo
435 345 638 387 magisque
659 345 787 387 ipsum
807 347 969 387 propter
988 355 1029 378 se
1054 342 1326 387 expetendum
1346 355 1463 388 quam

298 403 366 434 aut
398 410 535 434 sensus
569 402 637 433 aut
671 399 843 442 corporis
877 410 923 433 ea
961 410 1061 441 quae
1101 396 1284 441 diximus,
1319 398 1460 442 quibus

298 458 455 490 tantum
488 457 663 497 praestat
692 454 839 488 mentis
870 451 1070 488 excellens
1102 451 1295 497 perfectio
1325 457 1371 488 ut
1398 455 1459 488 vix

298 510 461 553 cogitari
494 509 616 552 possit
647 506 742 551 quid
768 509 936 543 intersit.
998 506 1137 551 Itaque
1168 509 1294 543 omnis
1324 507 1460 551 honos,

297 566 423 599 omnis
453 562 675 606 admiratio,
704 575 821 598 omne
848 561 1023 598 studium
1051 561 1100 598 ad
1127 564 1315 598 virtutem
1344 567 1386 598 et
1411 562 1460 598 ad

296 631 361 655 eas
381 620 557 654 actiones
577 630 677 662 quae
698 619 835 652 virtuti
855 621 1146 653 consentaneae
1168 622 1261 653 sunt
1276 617 1460 661 refertur,

297 686 420 718 eaque
448 674 579 708 omnia
606 685 706 717 quae
732 676 801 708 aut
832 674 887 708 ita
917 674 958 707 in
989 674 1129 707 animis
1167 677 1261 709 sunt
1297 677 1367 708 aut
1404 675 1459 708 ita

295 732 489 773 geruntur
510 740 588 763 uno
608 729 768 763 nomine
789 726 956 763 honesta
976 726 1173 763 dicuntur.

350 774 561 828 “Quorum
575 784 751 818 omnium
764 794 864 826 quae
878 784 958 818 sint
970 784 1135 818 notitiae
1145 794 1324 827 quaeque
1339 784 1458 826 signi-

295 838 462 874 ficentur
491 830 645 873 reruml
673 836 871 872 vocabulis
901 849 1081 881 quaeque
1111 839 1300 882 cuiusque
1330 839 1387 873 vis
1416 842 1459 873 et

294 898 433 929 natura
454 895 504 929 sit
531 905 621 928 mox
648 891 893 935 videbimus;
936 891 1068 927 XXII.
1109 891 1184 928 1106
1209 896 1344 928 autem
1372 891 1457 927 loco

294 953 448 984 tantum
469 947 724 992 explicemus,
738 946 836 982 haec
855 946 1022 983 honesta
1042 960 1141 992 quae
1162 947 1262 991 dico,
1283 951 1457 992 praeter-

292 1017 408 1049 quam
430 1002 534 1048 quod
556 1006 712 1038 nosmet
731 1004 834 1046 ipsos
854 1001 1077 1046 diligamus,
1098 1006 1303 1046 praeterea
1318 1007 1457 1047 suapte

293 1063 433 1094 natura
464 1070 533 1103 per
563 1070 604 1093 se
635 1069 721 1093 esse
751 1056 988 1101 expetenda.
1049 1056 1236 1092 Indicant
1264 1059 1388 1102 pueri,
1416 1059 1456 1092 in

292 1114 432 1159 quibus
453 1117 497 1148 ut
516 1115 556 1148 in
577 1111 746 1157 speculis
766 1116 906 1147 natura
922 1114 1106 1148 cernitur.
1153 1111 1313 1156 Quanta
1327 1111 1457 1148 studia

291 1169 583 1205 decertantium
614 1167 730 1203 sunt!
765 1171 913 1212 quanta
945 1169 1029 1212 ipsa
1055 1167 1293 1203 certamina!
1323 1171 1369 1203 ut
1398 1166 1455 1202 1111

292 1224 510 1260 efferuntur
525 1222 678 1258 laetitia
698 1235 787 1257 cum
809 1222 1011 1258 vicerunt!
1033 1226 1078 1257 ut
1097 1221 1223 1267 pudet
1243 1221 1388 1258 victos!
1411 1226 1456 1257 ut

292 1291 332 1315 se
353 1279 525 1314 accusari
546 1276 710 1313 nolunt!
742 1289 859 1321 quam
880 1279 1046 1321 cupiunt
1067 1276 1239 1312 laudari!
1271 1289 1367 1321 quos
1396 1276 1453 1312 illi

291 1333 444 1369 labores
464 1345 542 1368 non
555 1324 571 1348 ²
590 1331 798 1377 perferunt
819 1336 863 1367 ut
883 1331 1107 1376 aequalium
1127 1334 1324 1376 principes
1350 1334 1429 1368 sint
1446 1332 1452 1366 Ε

290 1401 390 1433 quae
428 1389 617 1423 memoria
656 1391 718 1422 est
755 1389 796 1421 in
835 1388 880 1421 iis
919 1386 1022 1422 bene
1064 1389 1318 1431 merentium,
1353 1399 1453 1431 quae

290 1442 524 1479 referendae
553 1444 703 1486 gratiae
734 1441 950 1486 cupiditas!
1009 1441 1144 1486 Atque
1171 1454 1217 1477 ea
1240 1444 1279 1476 in
1305 1443 1454 1486 optima

289 1511 443 1543 quaque
464 1496 596 1533 indole
617 1499 786 1532 maxime
800 1500 1006 1541 apparent,
1023 1498 1062 1531 in
1079 1509 1155 1541 qua
1170 1495 1268 1532 11366
1288 1495 1454 1532 honesta

289 1566 389 1598 quae
410 1551 681 1596 intellegimus
705 1565 727 1586 a
756 1556 897 1586 natura.
927 1556 1126 1595 tamquam
1156 1550 1450 1587 adumbrantur.

291 1608 371 1645 Sed
398 1607 496 1643 haec
524 1609 563 1642 in
592 1608 748 1651 pueris;
783 1618 967 1651 expressa
994 1618 1085 1642 vero
1113 1608 1152 1641 in
1183 1608 1228 1641 iis
1256 1606 1454 1642 aetatibus

288 1676 388 1709 quae
408 1665 485 1698 iam
505 1661 757 1697 confirmatae
778 1665 881 1697 sunt.
943 1660 1041 1706 Quis
1068 1665 1129 1697 est
1155 1666 1237 1697 tam
1257 1660 1455 1697 dissimilis

323 1776 591 1817 ‘sz'grzificenttcr
613 1785 725 1805 rerum
751 1774 809 1805 inf.
832 1774 948 1812 MSS.‚
970 1774 1064 1806 Mdv.
1082 1786 1090 1812 ;
1114 1775 1317 1815 512g214'fice11t
1341 1786 1454 1806 rerum

292 1821 331 1857 B,
359 1820 410 1854 E;
445 1818 540 1849 Mdv.
569 1816 660 1858 conj.
687 1818 935 1858 &grul—‘ficentur
957 1829 1095 1855 eorum;
1122 1818 1235 1849 Davis
1263 1818 1454 1859 quibusque

289 1863 538 1904 signfficentur
553 1859 706 1902 [rerum].

332 1905 345 1925 ²
359 1917 425 1936 non
442 1903 634 1947 bracketed
652 1904 697 1944 by
716 1902 811 1934 Mdv.

761 2048 777 2067 a
793 2044 866 2076 viz.
887 2045 901 2082 ς
918 2045 969 2084 67.

398 2097 474 2133 462
