1574 2364
593 169 789 207 CICERO
820 169 895 206 DE
926 169 1147 208 FINIBUS

284 253 453 297 primum
474 254 535 286 est
555 249 723 285 officium
743 240 802 292 (id
823 252 929 285 enim
953 250 1109 294 appello
1139 241 1322 295 καθῆκον)
1341 255 1387 287 ut
1412 263 1452 287 se

285 318 492 349 conservet
525 315 566 348 in
599 317 765 348 naturae
800 316 920 357 statu,
953 311 1142 358 deinceps
1174 318 1219 349 ut
1246 326 1292 349 ea
1315 318 1453 349 teneat

285 389 385 421 quae
419 375 638 412 secundum
672 380 855 410 naturam
889 377 969 411 sint
1002 375 1205 421 pellatque
1239 379 1452 418 contraria,

284 452 360 484 qua
388 442 551 475 inventa
581 438 797 474 selectione
828 443 870 474 et
898 441 996 474 item
1026 441 1255 484 reiectione,
1276 441 1453 484 sequitui·

284 501 472 546 deinceps
505 515 593 537 cum
626 501 749 536 officio
781 500 959 546 selectio,
991 501 1137 538 deinde
1169 515 1216 538 ea
1246 507 1452 547 perpetua,

285 570 370 601 tum
390 564 439 600 ad
461 569 684 600 extremum
705 569 888 600 constans
909 569 1254 609 consentaneaque
1275 570 1453 609 naturae,

284 631 324 664 in
356 641 432 672 qua
462 630 633 672 primum
664 629 792 663 inesse
824 630 965 672 incipit
996 632 1038 664 et
1068 627 1250 672 intellegi
1280 627 1373 672 quid
1403 630 1454 664 sit

285 691 387 736 quod
411 703 502 726 vere
522 691 670 726 bonum
692 693 814 735 possit
834 690 922 726 dici.
986 690 1113 726 Prima
1141 696 1201 727 est
1229 694 1335 727 enim
1362 704 1454 727 con-

285 754 430 790 ciliatio
452 753 620 789 hominis
641 752 690 788 ad
713 765 758 789 ea
778 766 878 798 quae
900 758 994 790 sunt
1013 753 1232 790 secundum
1252 759 1453 797 naturam;

283 817 398 853 simul
415 822 549 852 autem
565 819 673 861 cepit
686 816 1004 860 intellegentiam
1018 816 1079 853 vel
1093 820 1297 853 notionem
1310 820 1453 862 potius,

284 893 401 925 quam
428 879 632 924 appellant
658 878 801 914 ἔννοιαν
821 879 891 924 1111,
912 879 1091 924 viditque
1120 893 1252 916 rerum
1281 879 1453 925 agenda-

284 956 371 979 rum
391 942 571 979 ordinem
592 946 634 978 et
654 946 699 977 ut
718 944 773 978 ita
793 942 920 978 dicam
942 942 1204 988 concordiam,
1224 942 1350 979 multo
1367 956 1453 979 eam

286 1006 407 1051 pluris
427 1007 651 1041 aestimavit
671 1018 788 1049 quam
809 1008 941 1041 omnia
961 1005 1027 1041 illa
1048 1019 1148 1050 quae
1165 1009 1289 1051 prima
1305 1006 1454 1042 dilexe-

285 1074 357 1113 rat,
387 1074 507 1112 atque
536 1071 592 1104 ita
619 1070 846 1112 cognitione
868 1073 909 1104 et
933 1071 1086 1104 ratione
1116 1068 1278 1114 collegit
1305 1074 1349 1105 ut
1375 1073 1452 1105 sta-

285 1136 417 1168 tueret
438 1134 478 1167 in
505 1144 552 1167 eo
579 1130 814 1166 collocatum
841 1144 1037 1167 summum
1064 1131 1161 1167 illud
1189 1131 1357 1168 hominis
1384 1145 1454 1176 per

285 1208 325 1231 se
359 1193 601 1230 laudandum
636 1198 678 1230 et
712 1194 983 1239 expetendum
1019 1195 1186 1238 bonum;
1225 1195 1330 1239 quod
1363 1208 1452 1230 cum

286 1260 456 1303 positum
477 1260 527 1292 sit
548 1260 587 1291 in
610 1269 656 1292 eo
677 1257 782 1301 quod
804 1256 1012 1301 ὁμολογίαν
1033 1258 1167 1302 Stoici,
1188 1271 1258 1294 nos
1278 1257 1452 1303 appelle-

283 1333 369 1356 mus
390 1322 722 1363 convenientiam,
744 1323 774 1355 si
795 1320 939 1365 placet,
956 1343 1008 1346 —
1029 1334 1117 1356 cum
1138 1324 1260 1366 igitur
1279 1323 1320 1356 in
1340 1334 1387 1357 eo
1402 1323 1452 1356 sit

284 1383 325 1419 id
351 1384 498 1419 bonum
525 1395 601 1427 quo
629 1385 759 1418 omnia
785 1382 996 1418 referenda
1023 1388 1129 1428 sunt,
1153 1383 1321 1420 honeste
1348 1383 1452 1419 facta

283 1449 490 1491 ipsumque
519 1445 744 1488 honestum,
775 1445 880 1490 quod
912 1446 1038 1482 solum
1068 1449 1109 1482 in
1139 1447 1251 1482 bonis
1282 1446 1452 1490 ducitur,

284 1521 521 1554 quamquam
551 1513 640 1553 post
671 1511 806 1553 oritur,
838 1513 973 1544 tamen
1004 1509 1045 1545 id
1079 1509 1204 1545 solum
1238 1512 1275 1545 vi
1309 1522 1376 1545 sua
1411 1513 1452 1545 et

328 1628 431 1658 aThe
450 1628 553 1658 Latin
572 1628 600 1657 is
618 1628 700 1657 her-e
718 1628 930 1668 inadequate
946 1639 953 1663 ;
972 1628 1067 1658 what
1091 1628 1120 1658 is
1144 1632 1265 1658 meant
1288 1629 1317 1658 is
1340 1638 1451 1668 appa-

290 1673 404 1711 rently
422 1672 498 1701 that
516 1672 574 1701 the
591 1671 687 1700 adult
706 1670 935 1711 deliberately
953 1673 1079 1701 selects
1096 1672 1153 1701 the
1171 1673 1309 1701 natural
1327 1671 1450 1702 Goods

288 1716 399 1744 which
428 1724 469 1744 as
497 1725 518 1744 a
546 1714 637 1744 child
666 1714 708 1743 he
737 1714 890 1753 pursued
918 1715 1168 1754 instinctively,
1195 1714 1265 1744 and
1291 1715 1366 1744 that
1391 1715 1450 1744 the

290 1757 457 1788 selection
475 1757 503 1786 is
521 1767 599 1786 now
616 1767 661 1786 an
678 1757 838 1796 officium.
889 1756 923 1787 If
936 1758 1099 1787 however
1116 1768 1191 1787 cum
1208 1757 1315 1798 offisio
1339 1758 1367 1787 is
1392 1758 1450 1787 the

288 1801 389 1830 mark
414 1800 455 1829 of
472 1800 606 1829 selectio
629 1806 665 1829 at
691 1800 760 1829 this
785 1801 875 1829 later
899 1805 1016 1839 stage,
1045 1800 1169 1830 Cicero
1193 1800 1221 1829 is
1246 1801 1450 1830 inaccurate

286 1844 399 1874 above
428 1843 527 1872 when
554 1843 596 1871 he
623 1842 761 1881 applies
792 1843 942 1883 officium
974 1850 1010 1873 to
1042 1844 1100 1872 the
1131 1843 1273 1873 instinct
1304 1843 1344 1873 of
1370 1843 1450 1873 self-

287 1885 530 1927 preservation
549 1885 619 1914 and
642 1886 700 1914 the
723 1886 924 1915 instinctive
946 1886 1066 1916 choice
1090 1885 1128 1916 of
1147 1886 1286 1915 natural
1312 1885 1445 1916 Goods.

288 1929 342 1960 On
361 1930 419 1958 the
436 1929 537 1958 other
553 1927 649 1957 hand
666 1928 690 1957 it
709 1928 737 1957 is
754 1932 814 1958 not
832 1929 926 1958 clear
943 1929 1022 1969 why
1047 1929 1146 1958 these
1170 1928 1299 1958 should
1322 1933 1381 1958 not
1407 1929 1449 1958 be

286 1971 450 2002 included
475 1971 586 2000 under
607 1970 774 2000 kathffkon
801 1972 1050 2010 ‘appropriate
1074 1971 1211 2001 action·
1236 1982 1276 2001 01·
1298 1971 1447 2011 officium

286 2026 327 2046 as
344 2013 482 2045 defined
500 2018 537 2043 at
555 2012 571 2054 ξ
586 2013 637 2052 58,
659 2015 666 2028 ‘
679 2024 724 2044 an
742 2019 799 2043 act
817 2014 856 2043 of
869 2015 981 2044 which
1005 2025 1028 2045 a
1050 2015 1221 2055 probable
1242 2020 1393 2044 account
1411 2023 1450 2045 or

287 2068 413 2088 reason
431 2067 496 2086 can
514 2057 556 2086 be
573 2055 704 2096 given.'

397 2111 470 2143 2238
