1574 2364
206 449 253 483 413

197 1212 246 1243 44

593 108 787 145 CICERO
820 108 893 145 DE
924 109 1143 147 FINIBUS

287 189 439 227 habent
468 192 568 225 ratio
597 192 705 224 certe
736 191 843 232 cogit
877 193 922 224 ut
955 191 997 224 in
1031 189 1213 233 omnibus
1247 195 1456 229 tormentis

287 257 544 290 conservetur
571 252 687 288 beata
714 253 794 287 vita
821 253 1001 296 sapienti.
1062 251 1225 288 Etenim
1252 255 1282 289 si
1303 253 1457 291 dolores

287 316 448 354 eosdem
469 315 713 352 tolerabilius
734 317 941 360 patiuntur
967 318 1035 359 qui
1063 318 1268 361 excipiunt
1295 330 1361 353 eos
1388 331 1456 363 pro

286 383 412 426 patria
439 392 556 425 quam
584 380 651 423 qui
677 377 824 414 leviore
854 377 905 413 de
935 390 1063 422 causa,
1087 381 1220 424 opimo
1250 379 1357 424 facit,
1379 394 1458 417 non

286 449 438 487 natura,
460 445 539 478 vim
561 441 705 478 doloris
725 445 794 477 aut
820 443 1009 477 maiorem
1037 446 1106 477 aut
1132 445 1335 478 minorem.
1396 444 1457 480 Ne

285 506 383 543 illud
405 505 565 551 quidem
584 509 644 541 est
661 508 987 548 consentaneum,
1006 509 1050 540 ut
1067 507 1097 540 si
1114 517 1203 540 eum
1219 508 1293 541 tria
1309 519 1456 551 genera

284 571 475 606 bonorum
496 572 589 612 sint,
606 581 705 613 quae
727 570 928 603 sententia
945 572 1005 603 est
1029 567 1393 614 Peripateticorum,
1408 582 1454 605 eo

284 634 436 670 beatior
456 635 622 678 quisque
639 634 702 675 sit,
720 643 796 675 quo
813 633 863 667 sit
880 633 1050 675 corporis
1066 635 1135 666 aut
1151 635 1325 667 externis
1342 633 1453 669 bonis

282 697 447 743 plenior,
469 700 515 732 ut
538 695 612 731 hoc
639 694 745 730 idem
772 693 1072 739 approbandum
1098 696 1149 730 sit
1175 695 1301 739 nobis,
1322 700 1366 732 ut
1386 699 1452 741 qui

282 761 393 806 plura
413 759 560 795 habeat
581 771 626 794 ea
647 770 747 803 quae
776 760 813 793 in
844 769 1005 802 corpore
1032 760 1165 802 magni
1192 761 1452 795 aestimantur

281 828 332 861 sit
362 824 524 860 beatior.
586 821 648 857 Illi
682 823 788 857 enim
819 823 989 865 corporis
1019 820 1234 856 commodis
1264 822 1451 867 compleri

279 891 400 924 vitam
421 886 579 922 beatam
601 889 757 930 putant,
775 886 898 919 nostri
919 882 1018 918 nihil
1039 886 1178 919 minus.
1240 884 1341 920 Nam
1362 899 1451 922 cum

280 954 334 987 ita
350 950 517 996 placeat,
535 961 585 984 ne
608 960 742 984 eorum
760 946 921 992 quidem
938 946 1130 982 bonorum
1147 960 1246 991 quae
1263 960 1333 984 nos
1350 949 1452 985 bona

279 1026 371 1050 vere
391 1011 638 1058 appellemus
659 1010 885 1055 frequentia
906 1010 1123 1045 beatiorem
1144 1012 1263 1046 vitam
1285 1010 1367 1047 fieri
1384 1017 1452 1049 aut

278 1080 402 1122 magis
437 1074 705 1121 expetendam
739 1078 808 1109 aut
847 1072 968 1118 pluris
1007 1072 1306 1117 aestimandam,
1341 1080 1450 1112 certe

278 1144 406 1177 minus
427 1139 476 1175 ad
501 1139 659 1174 beatam
684 1139 804 1173 vitam
832 1139 1009 1181 pertinet
1035 1135 1251 1172 multitudo
1278 1142 1447 1183 corporis

278 1202 582 1242 commodorum.
645 1200 806 1237 Etenim
828 1202 858 1235 si
880 1204 921 1235 et
942 1211 1078 1244 sapere
1103 1200 1373 1245 expetendum
1395 1205 1446 1238 sit

277 1274 319 1305 et
339 1267 482 1311 valere,
504 1267 759 1301 coniunctum
782 1268 993 1307 utrumque
1020 1265 1145 1307 magis
1172 1264 1443 1308 expetendum

277 1335 327 1369 sit
347 1343 464 1376 quam
484 1341 621 1374 sapere
643 1327 780 1371 solum,
802 1338 932 1371 neque
953 1330 1088 1362 tamen
1109 1328 1140 1361 si
1160 1330 1373 1372 utrumque
1394 1331 1444 1364 sit

275 1395 551 1432 aestimatione
586 1390 765 1435 dignum,
796 1389 917 1435 pluris
952 1391 1003 1425 sit
1037 1391 1292 1425 coniunctum
1326 1403 1442 1435 quam

275 1470 412 1504 sapere
451 1459 579 1501 ipsum
618 1444 860 1499 separatim.l
928 1452 1031 1488 Nam
1069 1454 1137 1497 qui
1174 1451 1444 1490 valetudinem

274 1522 550 1559 aestimatione
581 1518 711 1563 aliqua
746 1517 907 1561 dignam
942 1515 1159 1552 iudicamus
1193 1528 1323 1561 neque
1358 1530 1443 1553 eam

273 1591 408 1622 tamen
429 1586 469 1619 in
489 1583 602 1618 bonis
623 1584 818 1627 ponimus,
835 1579 956 1615 iidem
973 1591 1179 1615 censemus
1195 1578 1343 1615 nullam
1360 1593 1445 1617 esse

273 1653 426 1685 tantam
462 1647 780 1682 aestimationem
814 1648 860 1679 ut
899 1655 945 1679 ea
978 1644 1116 1678 virtuti
1154 1646 1443 1687 anteponatur3

272 1710 377 1757 quod
398 1710 504 1745 idem
527 1708 781 1753 Peripatetici
802 1719 881 1742 non
897 1709 1053 1750 tenent,
1071 1705 1212 1750 quibus
1228 1705 1440 1743 dicendum

269 1775 332 1807 est
352 1781 451 1814 quae
473 1772 515 1804 et
534 1767 702 1803 honesta
717 1768 820 1802 actio
837 1768 887 1801 sit
904 1769 945 1800 et
960 1766 1044 1800 sine
1061 1763 1195 1799 dolore
1212 1776 1298 1799 eam
1315 1768 1438 1809 magis

268 1841 353 1866 esse
384 1824 649 1872 expetendam
681 1837 798 1870 quam
828 1826 859 1860 si
894 1827 999 1859 esset
1035 1821 1173 1858 eadem
1209 1825 1312 1857 actio
1347 1835 1434 1858 cum

266 1888 412 1924 dolore.
464 1885 587 1921 Nobis
606 1883 722 1920 aliter
743 1882 898 1918 videtur
914 1894 922 1924 ;
952 1885 1060 1917 recte
1077 1893 1254 1924 secusne,
1272 1885 1407 1925 postea
1425 1896 1431 1927 3

264 1946 333 1985 sed
354 1949 539 1991 potestne
560 1956 689 1978 rerum
711 1944 833 1977 maior
852 1953 937 1976 esse
957 1939 1177 1975 dissensio?

482 2015 493 2034 ¹
506 2015 697 2057 separatim
717 2013 834 2050 MSS.;
856 2015 1056 2053 sepatalum
1080 2011 1176 2042 Mdv.

371 2068 448 2105 4262
