1574 2364
241 890 290 925 78

632 130 827 167 CICERO
859 129 933 166 DE
963 129 1183 168 FINIBUS

322 212 490 257 putavit,
503 222 640 247 vereor
661 222 711 246 ne
733 223 825 246 vera
845 212 934 246 sint.
996 209 1099 246 Nam
1116 209 1215 247 illud
1232 209 1493 248 vehementer

320 285 531 326 repugnat,
557 279 730 316 eundem
761 280 922 316 beatum
953 292 1039 317 esse
1067 285 1109 317 et
1132 279 1268 317 multis
1291 279 1404 317 malis
1424 294 1492 327 op-

322 363 509 396 pressum.
571 350 684 386 Haec
713 349 910 395 quomodo
941 353 1180 386 conveniant
1208 362 1288 386 non
1318 363 1411 387 sane
1432 353 1492 387 in-

322 416 510 462 telleg0.’'
571 406 752 454 “Utrum
773 419 895 461 igitur
922 417 1033 462 tibi,''
1057 419 1198 462 inquit,
1220 407 1244 424 “
1255 430 1334 454 non
1362 417 1494 463 placet

322 485 532 520 virtutisne
554 496 639 520 esse
662 488 816 526 tantam
837 486 915 520 vim
936 488 981 521 ut
1001 483 1051 520 ad
1071 484 1188 521 beate
1213 483 1429 521 vivendum
1451 498 1493 522 se

320 553 403 595 ipsa
424 555 615 586 contenta
631 553 695 595 sit,
711 563 774 595 an,
791 553 822 587 si
839 550 879 587 id
896 551 1049 596 probas,
1066 550 1148 587 fieri
1165 553 1219 587 ita
1236 563 1348 596 posse
1369 564 1491 597 negas

322 622 367 654 ut
398 619 424 653 ii
457 619 523 662 qui
556 619 713 654 virtutis
748 622 952 663 compotes
986 620 1067 654 sint
1101 620 1221 654 etiam
1255 617 1489 663 quibusdam

321 683 433 720 malis
454 683 583 720 affecti
608 684 712 721 beati
734 684 870 721 sint?’'
931 675 955 691 “
965 684 1051 729 Ego
1072 697 1164 721 vero
1184 685 1272 721 volo
1287 687 1328 721 in
1344 687 1490 721 virtute

322 754 399 786 vim
421 764 505 787 esse
527 764 645 796 quam
666 753 897 795 maximam;
927 751 997 788 sed
1018 756 1165 797 quanta
1186 754 1237 788 sit
1256 751 1363 796 alias,
1384 765 1490 789 nunc

325 823 480 854 tantum
502 821 677 863 possitne
699 831 783 855 esse
806 823 929 863 tanta,
951 821 981 855 si
1004 818 1217 864 quidquam
1239 824 1351 856 extra
1371 821 1490 856 virtu-

322 890 404 921 tem
422 884 617 921 habeatur
633 887 672 921 in
689 885 840 921 bonis.''
892 876 1089 931 “Atqui,”
1107 889 1250 931 inquit,
1265 877 1289 893 “
1302 889 1331 922 si
1350 886 1490 923 Stoicis

321 951 506 988 concedis
527 956 571 987 ut
593 954 715 988 virtus
736 952 816 988 sola
837 955 868 988 si
889 955 983 989 assit
1009 956 1129 988 vitam
1154 953 1295 989 efficiat
1320 953 1489 997 beatam,

321 1018 506 1055 concedis
534 1021 656 1055 etiam
686 1018 971 1064 Peripateticis.
1033 1018 1145 1064 Quae
1175 1022 1281 1056 enim
1308 1019 1410 1056 mala
1434 1019 1489 1056 illi

320 1099 397 1121 non
419 1084 571 1121 audent
591 1085 806 1131 appellare,
822 1099 960 1131 aspera
974 1090 1109 1122 autem
1127 1091 1168 1122 et
1184 1086 1433 1123 incommoda
1448 1091 1490 1123 et

320 1151 519 1189 reicienda
549 1156 591 1188 et
619 1152 748 1188 aliena
777 1157 942 1189 naturae
972 1166 1057 1189 esse
1087 1153 1325 1198 concedunt,
1347 1166 1392 1189 ea
1416 1166 1487 1190 nos

317 1218 419 1255 mala
440 1218 606 1255 dicimus
633 1218 702 1255 sed
730 1221 872 1264 exigua
899 1224 941 1256 et
967 1232 1094 1265 paene
1121 1222 1293 1256 minima.
1353 1218 1485 1265 Quare

318 1288 349 1322 si
370 1290 504 1331 potest
526 1298 610 1322 esse
633 1286 772 1322 beatus
793 1288 825 1322 is
845 1288 912 1332 qui
938 1291 998 1323 est
1022 1289 1062 1322 in
1086 1289 1234 1332 asperis
1258 1286 1485 1323 reiciendis-

317 1365 394 1398 que
424 1353 553 1397 rebus,
575 1357 708 1398 potest
738 1355 769 1389 is
799 1366 954 1398 quoque
986 1366 1071 1390 csse
1101 1356 1166 1399 qui
1197 1358 1259 1390 est
1287 1356 1328 1389 in
1357 1356 1484 1399 parvis

318 1419 469 1456 malis.”
530 1419 582 1455 Et
599 1432 693 1465 ego:
724 1410 749 1427 “
762 1419 862 1465 Piso,
878 1423 1052 1465 inquam,
1069 1423 1101 1457 si
1117 1425 1178 1457 est
1194 1423 1399 1466 quisquam
1416 1423 1483 1466 qui

317 1491 434 1522 acute
461 1489 501 1522 in
529 1489 654 1523 causis
682 1486 816 1523 videre
844 1486 969 1523 soleat
996 1500 1096 1532 quae
1123 1500 1184 1524 res
1211 1492 1363 1532 agatur,
1384 1490 1414 1523 is
1441 1500 1482 1524 es

319 1552 498 1598 profecto
519 1557 572 1589 tu.
634 1553 767 1598 Quare
794 1553 974 1598 attende,
995 1567 1150 1599 quaeso.
1211 1554 1314 1590 Nam
1340 1553 1482 1598 adhuc,

317 1631 406 1654 meo
427 1618 591 1656 fortasse
614 1622 722 1664 vitio,
740 1620 835 1665 quid
856 1633 930 1665 ego
951 1634 1136 1666 quaeram
1152 1633 1234 1657 non
1253 1620 1480 1666 pe1·spicis.”

317 1676 447 1721 “Istic
478 1686 601 1730 su1n‚''
625 1689 767 1732 inquit,
790 1677 1092 1732 “exspectoque
1113 1687 1208 1732 quid
1235 1687 1284 1724 ad
1311 1687 1352 1723 id
1378 1687 1483 1732 quod

318 1752 556 1796 quaerebam
576 1753 855 1798 respondeas.’'

319 1817 487 1853 XXVII.
521 1809 820 1864 “Respondebo
849 1833 914 1856 me
944 1833 1023 1856 non
1054 1820 1284 1866 quaerere,”
1310 1823 1482 1866 inquam,

319 1874 428 1919 “hoc
458 1889 649 1930 tempore'
670 1886 765 1930 quid
794 1889 917 1923 virtus
948 1887 1101 1924 efficere
1132 1890 1267 1933 possit,
1288 1887 1358 1924 sed
1390 1885 1482 1932 quid

318 1955 547 1987 constanter
590 1951 756 1997 dicatur,
792 1953 887 1997 quid
926 1956 1055 1998 ipsum
1092 1967 1115 1989 a
1153 1967 1194 1990 se
1235 1952 1484 1990 dissentiat.''

317 2006 480 2062 “Qu0,''
509 2021 652 2064 inquit,
677 2009 886 2055 “modo?''
947 2010 1084 2065 “Quia
1114 2033 1203 2056 cum
1232 2033 1254 2056 a
1283 2018 1482 2066 Zenone‚”

427 2076 504 2107 480
