1574 2364
246 1069 294 1101 38

628 164 824 202 CICERO
856 165 929 201 DE
960 165 1179 203 FINIBUS

322 250 364 282 et
394 248 435 281 in
467 257 628 290 corpore
662 243 839 290 perfecta
869 244 1034 281 velimus
1066 258 1164 290 esse,
1193 259 1237 282 ea
1265 245 1378 281 nobis
1405 248 1488 290 ipsa

323 322 410 344 cara
431 321 515 344 esse
537 312 699 353 propter
719 320 760 344 se
782 312 823 344 et
844 310 884 343 in
905 310 950 343 iis
971 320 1055 344 esse
1076 308 1127 344 ad
1149 308 1251 344 bene
1273 307 1486 344 vivendum

322 376 525 408 momenta
540 373 720 406 maxima.
746 370 847 406 Nam
869 373 930 406 cui
952 374 1152 416 proposita
1173 374 1223 407 sit
1244 373 1489 407 conservatio

324 437 395 478 sui,
424 446 586 470 necesse
615 438 676 469 est
704 432 795 469 huic
823 438 955 478 partes
983 446 1139 478 quoque
1168 437 1226 469 sui
1256 447 1361 470 caras
1390 446 1489 478 esse,

324 500 571 541 carioresque
606 509 684 541 quo
719 495 976 541 perfectiores
1008 499 1088 533 sint
1119 502 1161 533 et
1192 499 1316 542 magis
1349 499 1389 532 in
1421 510 1490 533 suo

323 573 472 604 genere
494 559 722 596 laudabiles.
785 559 841 595 Ea
863 562 968 596 enim
992 562 1071 595 vita
1092 562 1295 605 expetitur
1316 573 1415 605 quae
1441 562 1492 596 sit

325 625 445 659 animi
466 625 717 668 corporisque
739 622 899 668 expleta
920 623 1144 667 virtutibus,
1165 625 1206 658 in
1235 635 1360 668 eoque
1388 636 1491 659 sum-

324 699 430 722 mum
453 686 600 722 bonum
622 687 714 730 poni
731 698 894 721 neccsse
912 690 984 729 est,
1003 685 1161 730 quando
1178 685 1338 730 quidem
1356 685 1395 722 id
1412 685 1492 722 tale

326 762 410 785 esse
444 748 567 785 debet
596 753 640 784 ut
666 761 797 784 rerum
827 748 1141 793 expetendarum
1174 751 1224 785 sit
1257 753 1489 785 extremum.

325 812 415 857 Quo
451 813 611 855 cognito
647 810 818 847 dubitari
859 824 937 846 non
978 816 1112 856 potest
1146 814 1254 856 quin,
1290 825 1379 847 cum
1419 815 1492 857 ipsi

325 875 506 911 homines
534 875 606 910 sibi
635 877 715 910 sint
742 887 812 919 per
840 887 881 910 se
911 879 952 910 et
978 887 1046 910 sua
1074 879 1216 919 sponte
1245 878 1336 919 cari,
1362 880 1493 920 partes

326 951 481 984 quoque
515 942 556 973 et
584 939 755 982 corporis
784 942 825 973 et
852 939 972 972 animi
1002 942 1043 973 ct
1071 950 1204 974 earum
1233 951 1363 974 rerum
1391 951 1492 983 quae

325 1005 418 1037 sunt
438 1003 478 1035 in
500 1002 705 1044 utriusque
726 1004 837 1035 motu
859 1004 901 1035 et
921 1004 1027 1036 statu
1049 1013 1116 1036 sua
1133 1003 1296 1036 caritate
1315 1001 1493 1037 colantur

326 1068 367 1100 et
388 1076 458 1108 per
479 1076 519 1099 se
540 1065 647 1108 ipsae
669 1067 921 1108 appetantur.
983 1062 1137 1107 Quibus
1159 1066 1346 1109 expositis
1367 1063 1492 1100 facilis

327 1131 387 1163 est
408 1129 635 1162 coniectura
657 1138 702 1161 ea
723 1128 893 1161 maxime
916 1139 1000 1162 esse
1026 1126 1253 1171 expetenda
1277 1140 1324 1162 ex
1350 1129 1494 1164 nostris

327 1202 426 1234 quae
448 1189 661 1234 plurimum
682 1188 833 1224 habent
858 1188 1078 1233 dignitatis,
1099 1194 1144 1225 ut
1168 1192 1340 1234 optimae
1366 1192 1493 1226 cuius-

327 1265 403 1297 que
416 1254 538 1297 partis
553 1243 674 1296 quae1
691 1264 760 1296 per
777 1264 817 1287 se
836 1257 1047 1297 expetatur
1063 1255 1185 1288 virtus
1201 1255 1252 1289 sit
1269 1253 1494 1298 expetenda

327 1317 507 1351 maxime.
570 1313 631 1349 Ita
665 1313 734 1349 fiet
768 1318 813 1350 ut
847 1317 966 1349 animi
999 1317 1122 1351 virtus
1155 1318 1326 1360 corporis
1358 1318 1494 1352 virtuti

326 1381 594 1422 anteponatur
614 1379 814 1421 animique
843 1379 1010 1413 virtutes
1037 1390 1117 1413 non
1144 1378 1382 1414 voluntarias
1410 1381 1494 1414 vin-

327 1446 420 1477 cant
441 1443 609 1476 virtutes
631 1439 889 1484 voluntariae,
917 1453 1017 1484 quae
1046 1440 1207 1485 quidem
1235 1444 1390 1486 proprie
1418 1444 1492 1478 vir-

329 1508 436 1540 tutes
468 1502 720 1548 appellantur
752 1502 1002 1548 multumque
1036 1503 1250 1548 excellunt,
1283 1509 1492 1549 propterea

328 1565 434 1612 quod
455 1578 503 1601 ex
524 1567 676 1600 ratione
698 1567 920 1610 gignuntur
947 1578 1023 1610 qua
1050 1565 1148 1601 nihil
1177 1571 1238 1602 est
1265 1568 1305 1602 in
1333 1566 1493 1604 homine

327 1629 509 1665 divinius.
570 1627 732 1663 Etenim
753 1630 930 1664 omnium
950 1641 1081 1664 rerum
1103 1641 1198 1674 quas
1223 1633 1264 1665 et
1291 1634 1400 1665 creat
1425 1643 1493 1666 na-

329 1697 416 1728 tura
437 1696 479 1727 et
505 1695 657 1734 tuetur,
678 1703 779 1735 quae
808 1695 877 1727 aut
905 1693 988 1727 sine
1017 1694 1148 1727 animo
1175 1696 1269 1728 sunt
1294 1697 1363 1728 aut
1389 1686 1493 1728 non2

328 1754 455 1791 multo
476 1766 600 1796 secus,
622 1766 757 1789 earum
778 1766 975 1790 summum
996 1754 1143 1790 bonum
1163 1757 1204 1791 in
1225 1768 1386 1800 corpore
1411 1761 1491 1798 est3

328 1823 374 1854 ut
394 1830 475 1853 non
495 1818 637 1852 inscite
659 1815 757 1852 illud
779 1816 931 1852 dictum
952 1816 1133 1853 videatur
1153 1820 1193 1853 in
1214 1830 1297 1862 sue,
1317 1821 1491 1854 animum

328 1880 384 1917 illi
400 1879 543 1926 pecudi
559 1878 696 1915 datum
714 1891 783 1923 pro
799 1878 893 1923 sale,
910 1892 960 1916 ne
978 1883 1205 1925 putisceret.
1253 1880 1359 1916 XIV.
1392 1881 1494 1918 Sunt

589 2006 596 2024 ¹
612 2007 770 2047 Perhaps
789 2017 878 2047 quae
896 2008 1051 2040 maxime
1063 2013 1126 2050 per
1141 2020 1176 2040 se
1192 2010 1246 2041 ed.

584 2049 597 2069 ²
610 2061 676 2081 non
694 2049 849 2081 inserted
865 2049 912 2090 by
929 2050 1007 2082 edd.

437 2106 514 2138 434
