1574 2364
560 158 754 195 CICERO
785 158 860 195 DE
891 159 1110 197 FINIBUS

254 240 310 274 rei
341 237 540 274 familiaris
573 242 691 273 erunt
722 237 944 282 faciundae,
974 238 1127 274 labores
1159 238 1414 284 suscipiendi,

254 293 480 329 adeundum
501 296 604 328 vitae
626 292 873 338 periculum?
904 306 955 329 ne
982 298 1069 330 tum
1097 293 1258 338 quidem
1287 298 1328 329 te
1356 306 1416 329 re-

255 350 395 393 spicies
416 352 457 384 et
478 347 667 391 cogitabis
688 347 760 383 sibi
781 360 978 393 quemque
999 353 1138 384 natum
1164 361 1249 384 esse
1275 353 1316 384 et
1340 350 1418 384 suis

256 402 552 447 voluptatibus?
614 401 762 437 Vadem
782 407 824 438 te
844 402 894 438 ad
917 407 1087 439 mortem
1111 407 1281 447 tyranno
1306 402 1418 438 dabis

257 470 326 502 pro
346 459 484 500 amico,
505 461 550 492 ut
572 456 843 501 Pythagoreus
863 456 930 493 ille
952 457 1083 493 Siculo
1110 457 1207 493 fecit
1233 463 1418 502 tyranno,

257 516 325 547 aut
355 511 520 556 Pylades
547 524 636 546 cum
660 513 723 555 sis,
745 511 852 547 dices
878 516 919 547 te
947 524 1032 547 esse
1060 511 1233 548 Oresten
1260 517 1306 548 ut
1336 524 1418 547 mo-

258 569 356 601 riare
377 579 447 611 pro
467 568 604 609 amico,
625 570 693 601 aut
714 568 744 601 si
765 578 869 602 esses
891 566 1066 610 Orestes,
1091 566 1278 610 Pyladem
1302 566 1419 602 refel-

262 620 375 659 leres,
396 621 437 652 te
464 616 670 660 indicares,
692 621 734 653 et
752 619 783 653 si
803 616 843 652 id
870 629 949 652 non
969 618 1168 665 probares,
1187 630 1264 667 quo
1283 620 1412 654 minus

259 669 374 704 ambo
395 682 472 704 una
491 672 732 705 necaremini
753 682 833 705 non
854 682 1060 718 precarere
1077 671 1091 706 ?

180 729 229 761 80
314 724 435 760 XXV.
469 722 491 731 ’“
504 724 669 760 Faceres
682 730 725 761 tu
739 725 914 770 quidem,
927 726 1139 771 Torquate,
1152 726 1249 763 haec
1269 730 1420 771 omnia;

259 778 357 814 nihil
379 782 485 814 enim
512 780 679 815 arbitror
704 793 848 824 magna
873 780 991 817 laude
1018 781 1183 826 dignum
1211 794 1295 818 esse
1316 782 1421 827 quod

260 838 301 869 te
333 836 701 878 praetermissurum
735 834 893 870 credam
926 840 995 871 aut
1018 839 1155 872 mortis
1181 841 1250 872 aut
1276 836 1419 873 doloris

259 893 379 924 metu.
441 889 530 924 Non
551 891 752 933 quaeritur
771 894 905 925 autem
921 890 1016 935 quid
1036 896 1200 927 naturae
1216 896 1308 927 tuae
1329 904 1420 927 con·

259 947 494 979 sentaneum
514 945 577 987 sit,
598 943 668 979 sed
683 943 777 989 quid
793 944 1032 989 disciplinae.
1078 946 1189 981 Ratio
1209 948 1283 981 ista
1303 959 1419 991 quam

260 997 455 1041 defendis,
477 1003 688 1043 praecepta
708 1011 808 1043 quae
829 999 1015 1043 didicisti,
1035 1012 1135 1045 quae
1156 1001 1310 1045 probas,
1330 1000 1419 1036 fun-

260 1052 365 1088 ditus
386 1057 571 1088 evertunt
591 1055 816 1098 amicitiam,
837 1057 1012 1098 quamvis
1033 1067 1119 1090 eam
1140 1054 1344 1100 Epicurus,
1374 1060 1419 1091 ut

261 1106 368 1151 facit,
399 1109 439 1142 in
471 1106 623 1143 caelum
655 1106 792 1143 efferat
821 1107 1011 1144 laudibus.
1072 1099 1153 1145 ‘At
1183 1109 1305 1145 coluit
1335 1112 1418 1155 ipse

260 1162 474 1197 amicitias)
548 1160 658 1206 Quis,
697 1175 854 1207 quaeso,
893 1163 1004 1199 illum
1042 1169 1164 1208 negat
1197 1169 1239 1200 et
1272 1165 1418 1200 bonum

261 1219 387 1252 virum
414 1221 455 1252 et
483 1229 637 1252 comem
661 1222 703 1253 et
728 1217 945 1253 humanum
971 1217 1118 1254 fuisse?
1177 1218 1238 1255 De
1258 1222 1420 1264 ingenio

262 1273 345 1307 eius
360 1273 401 1306 in
422 1270 481 1306 his
497 1270 841 1316 disputationibus,
855 1285 934 1308 non
950 1272 999 1308 de
1015 1273 1187 1309 moribus
1207 1277 1417 1318 quaeritur.

263 1325 323 1362 Sit
342 1328 417 1361 ista
437 1328 477 1360 in
489 1325 739 1361 ‚Graecorum
760 1326 923 1362 levitate
944 1330 1193 1372 perversitas,
1214 1331 1280 1373 qui
1301 1328 1421 1364 male-

263 1379 378 1416 dictis
398 1382 645 1416 insectantur
666 1393 731 1416 eos
759 1394 780 1416 a
801 1382 940 1426 quibus
968 1381 1019 1418 de
1046 1385 1213 1418 veritate
1237 1382 1421 1419 dissenti-

261 1439 344 1470 unt.
405 1434 483 1471 Sed
514 1438 690 1480 quamvis
719 1439 838 1471 comis
867 1439 908 1471 in
937 1439 1070 1472 amicis
1099 1437 1258 1473 tuendis
1289 1437 1423 1483 fuerit,

263 1494 411 1530 tamen,
439 1492 469 1524 si
501 1488 599 1525 haec
628 1502 719 1525 vera
743 1495 835 1526 sunt
859 1482 975 1533 (nihil
1003 1493 1108 1526 enim
1135 1484 1312 1536 affirmo),
1342 1505 1421 1528 non

185 1547 228 1582 81
263 1546 355 1579 satis
375 1548 512 1579 acutus
533 1543 618 1580 fuit.
679 1536 689 1551 ‘
706 1544 762 1580 At
776 1544 911 1581 multis
931 1558 972 1581 se
997 1546 1200 1590 probavit.’
1260 1546 1312 1582 Et
1336 1550 1420 1592 qui-

263 1598 355 1634 dem
376 1600 459 1634 iure
481 1598 645 1634 fortasse
665 1611 673 1641 ;
703 1598 773 1635 sed
797 1603 932 1635 tamen
956 1613 1035 1636 non
1061 1603 1332 1644 gravissimum
1360 1606 1421 1638 est

262 1655 533 1689 testimonium
563 1653 841 1690 multitudinis.
903 1654 949 1690 In
980 1658 1087 1690 omni
1114 1657 1220 1691 enim
1246 1660 1330 1692 arte
1358 1656 1420 1692 vel

305 1782 321 1799 a
330 1776 501 1812 Phintias,
511 1776 681 1816 pleading
689 1777 742 1806 for
751 1776 923 1807 hisfriend
933 1777 1073 1808 Damon
1082 1778 1201 1808 before
1213 1779 1419 1819 Dionysius,

265 1818 424 1860 ‘tyrant'
442 1818 482 1848 of
502 1818 692 1858 Syracuse:
720 1819 913 1860 Dionysius
932 1820 1116 1860 pardoned
1136 1822 1230 1851 them
1249 1822 1332 1852 both
1351 1823 1423 1853 and

260 1862 406 1902 begged
417 1865 452 1891 to
466 1861 610 1891 become
623 1872 645 1891 a
658 1861 750 1892 third
763 1863 796 1892 in
808 1864 893 1893 such
907 1873 928 1893 a
940 1863 1144 1904 friendship.
1167 1863 1223 1894 Cf.
1241 1864 1307 1905 Off
1323 1875 1351 1904 3.
1366 1874 1418 1905 45.

302 1904 320 1928 b
332 1904 386 1935 Cf.
408 1904 447 1934 V.
469 1904 519 1943 63.
548 1904 673 1934 Cicero
691 1905 800 1935 refers
824 1910 860 1935 to
884 1916 906 1936 a
923 1916 1026 1936 scene
1043 1906 1075 1936 in
1093 1907 1152 1936 the
1170 1907 1370 1937 Dulorestes
1385 1908 1425 1938 of

262 1947 449 1983 Pacuvius,
468 1947 584 1977 where
609 1947 729 1977 Thoas
756 1947 852 1988 King
876 1948 915 1978 of
934 1950 992 1979 the
1010 1949 1117 1979 Tauri
1142 1950 1275 1980 wished
1299 1955 1335 1980 to
1359 1951 1419 1981 kill

259 1991 460 2022 whicbever
486 1989 526 2020 of
551 1991 609 2020 the
637 1994 708 2020 two
733 1991 892 2031 captives
921 1991 1076 2032 brought
1104 1992 1224 2023 before
1248 1993 1317 2023 him
1342 2003 1417 2024 was

260 2034 420 2065 Orestes.

367 2086 442 2120 170
