1574 2364
613 149 809 186 CICERO
841 149 915 186 DE
946 149 1166 189 FINIBUS

302 228 528 265 nominibus
548 231 703 265 notavit
723 231 843 265 novis.
887 228 977 274 Quo
997 233 1121 276 magis
1142 230 1216 267 hoc
1238 230 1472 277 philosopho

302 293 529 332 faciendum
562 300 643 339 est;
674 308 735 331 ars
767 300 829 332 est
860 298 966 332 enim
998 296 1247 343 philosophia
1278 300 1397 343 vitae,
1422 298 1472 335 de

302 374 380 406 qua
413 361 611 398 disserens
646 364 818 407 arripere
854 363 973 398 verba
1008 363 1058 399 de
1092 363 1177 400 foro
1212 377 1291 401 non
1326 369 1469 410 potest.

303 427 553 473 Quamquam
581 441 629 465 ex
661 429 843 465 omnibus
875 429 1119 474 philosophis
1150 430 1272 467 Stoici
1304 431 1473 476 plurima

302 500 560 540 novaverunt,
577 495 762 540 Zenoque
779 508 915 532 eorum
935 499 1119 542 princeps
1139 510 1219 533 non
1239 502 1322 534 tam
1341 511 1473 534 rerum

302 565 486 598 inventor
506 561 583 598 fuit
603 575 720 607 quam
741 562 950 599 verborum
971 576 1172 600 novorum.
1234 563 1352 610 Quod
1377 567 1407 600 si
1431 567 1473 600 in

303 641 348 665 ea
363 628 499 674 lingua
515 642 632 674 quam
648 628 827 674 plerique
843 630 1065 666 uberiorem
1082 635 1227 676 putant
1243 643 1472 667 eoncessum

302 701 363 732 est
387 700 431 732 ut
456 695 673 732 doctissimi
701 695 882 732 homines
910 696 960 732 de
988 697 1105 733 rebus
1137 710 1217 733 non
1249 699 1472 743 pervagatis

302 765 499 799 inusitatis
534 763 662 799 verbis
696 767 919 808 uterentur,
954 768 1103 808 quanto
1135 763 1175 800 id
1206 764 1318 800 nobis
1349 767 1473 809 magis

302 834 363 866 est
402 828 704 865 concedendum
741 832 807 874 qui
843 841 889 866 ea
926 843 1033 866 nunc
1072 833 1243 875 primum
1282 830 1473 868 audemus

301 896 526 941 attingere?
586 895 637 932 Et
668 898 854 941 quoniam
882 909 999 942 saepe
1027 897 1212 941 diximus,
1241 902 1283 934 et
1309 897 1472 943 quidem

301 976 390 999 cum
409 962 539 1008 aliqua
560 962 722 1008 querela
743 976 822 998 non
845 962 1087 999 Graecorum
1103 964 1235 1009 modo,
1252 964 1322 1000 sed
1338 977 1473 1001 eorum

301 1033 421 1066 etiam
454 1031 521 1075 qui
553 1042 595 1066 se
629 1029 800 1065 Graecos
835 1032 960 1074 magis
995 1043 1114 1075 quam
1148 1035 1302 1067 nostros
1338 1030 1474 1067 haberi

302 1097 452 1141 volunt,
473 1109 544 1132 nos
572 1109 651 1132 non
672 1095 790 1132 modo
811 1109 891 1132 non
912 1099 1015 1132 vinci
1036 1110 1059 1132 a
1081 1097 1243 1134 Graecis
1264 1098 1473 1135 verborum

303 1166 413 1209 copia
440 1163 510 1200 sed
538 1175 623 1199 esse
651 1166 690 1199 in
720 1176 766 1199 ea
791 1166 911 1199 etiam
933 1166 1166 1209 superiores,
1189 1164 1472 1201 elaborandum

303 1236 364 1267 est
385 1235 429 1267 ut
449 1230 523 1266 hoc
544 1243 623 1266 non
645 1232 685 1265 in
706 1232 850 1266 nostris
871 1230 997 1266 solum
1017 1231 1167 1266 artibus
1188 1230 1258 1267 sed
1283 1233 1403 1267 etiam
1431 1234 1470 1267 in

304 1298 458 1334 illorum
480 1300 651 1343 ipsorum
679 1310 942 1342 assequamur.
1003 1296 1254 1342 Quamquam
1282 1311 1327 1334 ea
1353 1299 1472 1334 verba

304 1365 444 1410 quibus
474 1367 658 1400 instituto
679 1368 858 1399 veterum
880 1366 1029 1399 utimur
1049 1377 1118 1409 pro
1141 1364 1305 1409 Latinis,
1327 1369 1372 1400 ut
1392 1367 1474 1410 ipsa

305 1427 564 1473 philosophia,
604 1432 649 1463 ut
687 1426 896 1471 rhetorica,
937 1426 1157 1472 dialectica,
1203 1431 1473 1472 grammatica,

305 1494 536 1536 geometria,
561 1493 721 1534 musica,
747 1502 985 1535 quamquam
1013 1489 1155 1527 Latine
1183 1503 1229 1527 ea
1256 1490 1333 1527 dici
1361 1495 1473 1536 pote-

306 1560 407 1600 rant,
429 1559 563 1591 tamen
584 1556 769 1599 quoniam
790 1566 860 1589 usu
882 1559 1070 1599 percepta
1091 1558 1183 1590 sunt
1203 1559 1337 1590 nostra
1353 1554 1471 1591 duca-

305 1631 401 1654 mus.
463 1618 596 1663 Atque
618 1616 715 1653 haec
737 1616 898 1662 quidem
919 1617 969 1654 de
989 1629 1121 1653 rerum
1142 1618 1376 1654 nominibus.

362 1681 423 1717 De
443 1684 535 1726 ipsis
555 1681 672 1716 rebus
697 1684 831 1716 autem
856 1692 1155 1726 saepenumero,
1178 1680 1313 1725 Brute,
1335 1693 1472 1717 vereor

304 1757 355 1781 ne
382 1743 663 1789 reprehendar,
689 1756 779 1779 cum
805 1742 904 1779 haee
930 1743 980 1779 ad
1007 1748 1047 1780 te
1075 1743 1255 1788 scribam,
1282 1746 1349 1789 qui
1381 1757 1471 1780 cum

304 1810 345 1843 in
371 1806 632 1852 philosophia,
656 1811 742 1842 tum
769 1808 809 1842 in
837 1809 987 1852 optimo
1016 1819 1165 1852 genere
1196 1805 1469 1852 philosophiae

303 1875 461 1907 tantum
484 1871 729 1915 processeris.
791 1868 909 1914 Quod
930 1872 961 1906 si
982 1869 1154 1905 facerem
1176 1872 1285 1915 quasi
1312 1874 1353 1906 te
1382 1883 1468 1906 eru-

763 1996 854 2037 an.
876 2005 897 2033 1,
917 1998 936 2027 8
953 1997 986 2029 ff.

761 2037 852 2072 Miz,
872 2040 1005 2072 Ethics.

410 2097 487 2129 220
