1574 2364
577 181 771 218 CICERO
803 182 877 216 DE
908 182 1129 219 FlNlBUS

268 260 361 297 dem
392 259 591 296 infinitum
621 264 682 295 est
711 261 752 294 in
782 258 854 295 hac
884 259 1006 303 urbe;
1048 273 1297 306 quacumque
1328 264 1435 298 enim

268 322 526 368 ingredimur,
547 325 588 357 in
608 321 739 366 aliqua
759 321 922 358 historia
943 325 1155 368 vestigium
1176 324 1397 369 poninius.”

323 387 425 423 Tum
444 385 530 422 Piso
547 398 554 421 :
576 376 747 431 “Atqui,
765 385 913 430 Cicero,
931 389 1073 431 inquit,
1091 389 1166 422 ista
1183 387 1314 423 studia
1334 390 1365 424 si
1384 387 1434 424 ad

269 449 480 486 imitandos
501 461 672 485 summos
687 450 788 484 viros
805 453 1002 494 spectant,
1019 452 1314 494 ingeniosorum
1330 456 1436 496 sunt,

268 516 327 549 sin
354 511 631 549 tantummodo
654 511 704 547 ad
729 511 873 547 indicia
894 515 1038 548 veteris
1059 515 1271 549 memoriae
1293 526 1437 558 cogno-

269 575 428 620 scenda,
469 577 734 618 cui·iosorum;
776 580 818 611 te
864 580 999 611 autem
1042 575 1247 612 hortamur
1284 589 1435 621 omnes,

268 643 495 676 currentem
527 637 688 682 quidem
727 642 772 674 ut
811 651 938 683 spei-0,
971 643 1015 674 ut
1048 651 1113 675 eos
1146 652 1242 684 quos
1280 642 1434 677 novisse

268 706 324 738 vis
351 704 495 737 imitari
524 703 643 737 etiam
672 701 806 737 velis.'’
870 702 948 736 Hic
976 714 1075 745 ego:
1107 693 1230 737 “Etsi
1256 702 1350 738 facit
1370 702 1434 739 hic

687 755 708 770 ίι

267 765 466 812 quideni,''
490 767 664 809 inquam,
726 764 825 809 Piso,
847 769 892 800 ut
908 764 1031 810 vides,
1046 777 1092 801 ea
1108 778 1208 809 quae
1229 768 1433 811 praecipis,

268 834 403 865 tamen
423 827 520 863 mihi
541 832 654 872 grata
674 826 846 863 hortatio
869 832 936 863 tua
957 828 1057 863 est.”
1116 827 1217 864 Tum
1245 828 1312 864 ille
1338 831 1432 864 ami-

268 894 435 934 cissime,
469 895 515 926 ut
546 889 722 926 solebat:
765 880 884 925 “Nos
916 890 1047 934 ver0,‘’
1083 893 1225 936 inquit,
1259 881 1432 927 “omnes

266 958 397 992 omnia
417 953 467 989 ad
486 953 601 989 huius
616 952 928 989 adulescentiam
945 953 1206 998 conferamus,
1220 956 1259 989 in
1281 957 1432 999 primis-

268 1031 343 1063 que
361 1022 404 1052 ut
420 1016 567 1061 aliquid
582 1028 738 1051 suorum
756 1015 975 1051 studiorum
993 1015 1263 1061 philosophiae
1277 1029 1432 1061 quoque

267 1083 480 1126 impertiat,
504 1079 563 1114 vel
586 1083 630 1114 ut
650 1084 690 1114 te
712 1081 891 1114 imitetur
910 1091 1029 1123 quem
1049 1084 1168 1124 amat,
1189 1080 1251 1115 vel
1272 1085 1316 1116 ut
1335 1080 1433 1116 illud

269 1148 395 1190 ipsum
413 1142 517 1188 quod
535 1141 670 1178 studet
686 1141 815 1178 facere
837 1145 960 1187 possit
975 1145 1159 1178 ornatius.
1206 1142 1285 1179 Sed
1301 1148 1433 1179 utrum

269 1206 486 1244 hortandus
519 1218 560 1241 es
590 1206 715 1250 nobis,
747 1205 882 1249 Luci,’‘
915 1208 1057 1250 inquit,
1091 1196 1114 1212 ‘⁶
1128 1219 1178 1241 an
1211 1209 1331 1242 etiam
1366 1211 1434 1243 tua

269 1275 410 1316 sponte
451 1280 667 1314 propensus
708 1268 777 1303 es?
838 1267 937 1303 Mihi
977 1268 1138 1312 quidem
1178 1268 1434 1315 Antiochum,

269 1346 387 1379 quem
425 1331 549 1375 audis,
584 1333 677 1367 satis
709 1330 812 1366 belle
847 1330 991 1366 videris
1024 1330 1273 1368 attendere.'’
1332 1331 1434 1368 Tum

267 1397 334 1433 ille
364 1394 503 1432 timide
534 1394 595 1430 vel
625 1396 755 1439 potius
786 1393 1034 1430 verecunde:
1066 1385 1260 1439 “Facio,”
1291 1397 1433 1440 inquit,

270 1452 489 1505 “equidem
505 1470 513 1500 ;
533 1457 603 1493 sed
619 1456 816 1492 audistine
832 1455 950 1492 modo
964 1456 1014 1493 de
1032 1456 1259 1493 Carneade?
1292 1458 1433 1504 Rapior

268 1524 384 1565 illuc;
416 1525 573 1557 revocat
594 1525 727 1556 autem
749 1519 992 1563 Antioclius;
1022 1532 1096 1556 nec
1124 1525 1185 1556 est
1214 1526 1433 1566 praeterea,

267 1598 385 1632 quem
405 1583 646 1620 audiamus.”

324 1648 396 1684 III.
429 1647 529 1683 Tum
553 1646 658 1682 Piso:
680 1636 703 1652 “
718 1645 803 1681 Etsi
830 1644 942 1690 hoc‚'‘
965 1648 1107 1690 inquit,
1129 1636 1153 1652 “
1169 1645 1333 1682 fortasse
1354 1659 1433 1684 non

268 1714 415 1758 poterit
435 1713 487 1746 sic
508 1710 614 1745 abire
637 1722 725 1745 cum
746 1708 809 1744 hic
829 1707 963 1744 adsit‘'
987 1700 1068 1752 (me
1089 1713 1223 1744 autem
1243 1702 1432 1755 dicebat),

268 1767 435 1811 “tamen
455 1772 609 1809 audebo
633 1777 674 1808 te
700 1772 750 1807 ab
775 1770 849 1807 hac
877 1771 1092 1807 Academia
1118 1784 1218 1807 nova
1246 1771 1296 1808 ad
1325 1772 1431 1810 illam

268 1842 443 1874 veterem
456 1847 606 1878 vocare,
620 1837 660 1870 in
674 1846 762 1878 qua,
772 1838 816 1869 ut
829 1833 960 1869 dicere
975 1832 1218 1869 Antiochum
1230 1833 1430 1880 audiebas,

267 1909 345 1933 non
384 1897 409 1930 ii
449 1893 519 1929 soli
559 1897 817 1928 numerantur
855 1895 921 1936 qui
961 1891 1188 1927 Academici
1226 1897 1429 1939 vocantur,

266 1956 520 2000 Speusippus,
542 1951 798 1995 Xenocrates,
822 1950 994 1995 Polemo,
1022 1950 1186 1986 Crantor
1213 1953 1429 1996 ceterique,

265 2013 334 2050 sed
383 2014 502 2047 etiam
544 2010 795 2054 Peripatetici
836 2013 1002 2052 veteres,
1042 2021 1208 2053 quorum
1247 2011 1430 2054 princeps

266 2069 513 2113 Aristoteles5
535 2081 652 2113 quem
674 2071 840 2112 excepto
858 2066 1022 2103 Platone
1040 2066 1144 2102 haud
1160 2070 1238 2103 scio
1254 2079 1303 2102 an
1320 2071 1428 2103 recte

374 2123 450 2163 396
