1574 2364
587 94 781 130 CICERO
814 93 887 130 DE
919 93 1136 133 FINIBUS

280 178 409 220 munt,
430 175 479 210 de
510 177 555 210 iis
585 176 615 209 si
646 173 777 218 placet
807 173 1080 210 disseramus.”
1140 166 1280 211 “Mihi
1311 175 1440 221 vero,’'

279 260 421 302 inquit,
444 247 609 301 “placet
637 258 701 299 agi
731 255 911 292 subtilius
939 261 980 292 et
1007 261 1052 293 ut
1078 259 1161 302 ipse
1182 257 1316 294 dixisti
1336 271 1442 303 pres-

279 342 367 377 sius.
429 338 541 383 Quae
570 341 676 375 enim
704 338 834 374 adhuc
864 339 1077 384 protulisti,
1102 340 1304 385 popularia
1331 345 1443 384 sunt3

279 435 353 466 ego
385 426 519 457 autem
551 433 573 456 a
602 426 644 457 te
673 420 917 465 elegantiora
947 421 1168 458 desidero.”
1227 413 1301 457 “A
1325 435 1442 458 mene

278 504 378 540 tu?‘’
401 506 582 548 inquam;
613 494 719 539 “sed
741 508 875 539 tamen
897 507 1037 548 enitar,
1059 509 1100 540 et
1120 507 1151 540 si
1171 507 1299 540 minus
1319 504 1443 540 muita

200 590 248 623 ⁶25
280 586 375 622 mihi
415 591 623 622 occurrent
662 598 742 621 non
779 585 927 630 fugiam
970 589 1043 622 ista
1081 587 1293 632 popularia.
1365 587 1443 624 Sed

280 672 451 714 positum
473 671 524 704 sit
549 671 718 713 primum
740 673 897 704 nosmet
918 671 1020 713 ipsos
1041 669 1338 705 commendatos
1359 682 1444 705 esse

279 752 391 787 nobis
405 754 650 797 primamque
664 763 711 786 ex
726 756 866 786 natura
883 750 984 786 hanc
1001 751 1146 787 habere
1156 755 1442 797 appetitionem

279 839 323 871 ut
344 846 620 870 conservemus
642 838 798 869 uosmet
819 836 932 878 ipsos.
977 834 1067 869 Hoc
1089 837 1294 878 convenit;
1315 837 1442 879 sequi-

285 922 346 954 tur
375 917 472 953 illud
503 922 547 953 ut
576 916 935 952 animadvertamus
967 920 1032 962 qui
1062 920 1181 954 simus
1202 920 1288 963 ipsi,
1308 923 1353 954 ut
1373 931 1442 955 nos

278 1000 413 1045 quales
427 1003 585 1045 oportet
599 1012 683 1035 esse
697 1011 906 1035 servemus.
950 998 1091 1036 Sumus
1108 1002 1228 1044 igitur
1243 1000 1442 1045 homines;

279 1095 325 1118 ex
348 1086 477 1118 animo
499 1087 723 1118 constamus
745 1086 786 1117 et
807 1094 981 1127 corpore,
1002 1095 1101 1127 quae
1123 1088 1215 1119 sunt
1241 1083 1441 1120 cuiusdam

277 1166 397 1210 modi,
424 1178 573 1210 nosque
607 1169 777 1210 oportet,
804 1169 848 1201 ut
879 1168 1003 1210 prima
1032 1169 1225 1211 appetitio
1254 1166 1442 1203 naturalis

277 1249 465 1296 postulat,
486 1248 583 1284 haec
612 1247 778 1292 diiigere
807 1251 1127 1293 constituereque
1155 1261 1203 1284 ex
1233 1248 1293 1285 his
1322 1248 1440 1286 finem

277 1332 388 1368 illum
410 1334 551 1368 summi
572 1331 665 1366 boni
686 1335 806 1375 atque
827 1330 976 1373 ultimi3
1009 1343 1127 1376 quem
1148 1334 1179 1367 si
1206 1334 1330 1377 prima
1350 1345 1440 1368 vera

275 1420 368 1452 sunt
388 1418 442 1450 ita
464 1416 652 1449 constitui
673 1425 836 1450 necesse
858 1418 930 1458 est,
949 1426 1081 1449 earum
1098 1426 1228 1450 rerum
1245 1427 1344 1459 quae
1360 1417 1440 1452 sint

276 1492 493 1529 secundum
522 1497 705 1528 naturam
733 1505 849 1537 quam
878 1492 1045 1537 plurima
1072 1497 1114 1529 et
1134 1505 1250 1538 quam
1270 1496 1439 1529 maxima

146 1617 149 1619 .
196 1571 245 1610 26
276 1573 450 1618 adipisci.
504 1572 624 1608 Hunc
645 1574 767 1616 igitur
787 1571 904 1607 finem
926 1572 983 1608 illi
1004 1577 1234 1617 tenuerunt,
1254 1573 1438 1618 quodque

275 1664 349 1696 ego
372 1651 547 1696 pluribus
575 1650 717 1695 verbis,
737 1650 793 1686 illi
822 1651 990 1695 brevius,
1012 1651 1229 1687 secundum
1257 1656 1437 1688 naturam

275 1732 418 1774 vivere,
440 1729 513 1765 hoc
536 1732 581 1766 iis
602 1729 792 1764 bonorum
814 1729 1022 1765 videbatur
1038 1734 1270 1766 extremum.

329 1809 397 1845 XI.
432 1799 557 1852 “Age
588 1820 694 1843 nunc
721 1810 785 1844 isti
811 1808 993 1853 doceant,
1016 1809 1076 1844 vel
1105 1814 1148 1845 tu
1176 1812 1305 1854 potius
1332 1801 1435 1855 (quis

272 1890 378 1923 enim
399 1890 472 1923 ista
494 1886 633 1922 melius
645 1879 690 1930 ?),
713 1899 884 1931 quonam
905 1886 1023 1923 modo
1048 1888 1098 1923 ab
1123 1887 1260 1923 iisdem
1292 1891 1434 1933 princi-

272 1972 345 2016 piis
367 1969 535 2014 profecti
557 1970 731 2004 efficiatis
755 1974 798 2005 ut
819 1969 986 2008 honeste
1008 1972 1138 2007 vivere
1163 1962 1220 2013 (id
1246 1975 1306 2007 est
1327 1974 1430 2007 enim

382 2027 457 2059 :328
666 2024 671 2027 ’
