1574 2364
246 1252 295 1284 54

635 175 829 213 CICERO
861 176 935 212 DE
966 176 1185 214 FINIBUS

325 255 505 292 homines
544 268 585 291 se
619 255 668 291 ad
707 255 978 301 philosophiae
1014 256 1188 292 studium
1223 255 1487 292 contulerunt.

327 314 554 357 Oculorum,
571 316 702 358 inquit
719 313 842 358 Plato,
857 319 918 350 est
933 316 973 349 in
990 314 1101 350 nobis
1117 327 1252 350 sensus
1269 316 1491 358 acerrimus,

326 373 466 417 quibus
486 374 719 417 sapientiam
740 384 819 407 non
840 374 1055 415 cernimus;
1085 385 1201 416 quam
1222 372 1287 407 illa
1307 372 1492 408 ardentes

325 443 476 466 amores
497 432 689 466 excitaret
709 432 779 474 sui,
802 432 832 466 si
853 422 1094 466 videretur1!
1130 430 1207 465 Cur
1227 430 1413 466 tandem?
1441 443 1491 465 an

325 488 429 533 quod
454 491 508 524 ita
529 488 670 524 callida
690 493 751 523 est
777 493 822 524 ut
843 490 992 533 optime
1013 491 1135 533 possit
1154 488 1404 524 architectari
1426 501 1489 524 vo-

324 546 521 591 luptates?
579 547 656 582 Cur
685 549 833 582 iustitia
863 546 1068 582 laudatur?
1099 551 1167 582 aut
1194 546 1300 582 unde
1329 552 1389 582 est
1416 545 1488 582 hoc

323 608 537 640 contritum
569 609 768 640 vetustate
801 604 1073 650 proverbium:
1106 596 1282 649 ‘quicum
1309 607 1348 639 in
1376 609 1487 640 tene-

324 655 472 699 bris'2?
529 663 629 707 Hoc,
656 663 807 699 dictum
837 666 877 698 in
907 676 983 698 una
1005 676 1060 707 re,
1081 663 1269 699 latissime
1294 668 1419 708 patet,
1444 667 1488 698 ut

324 724 363 757 in
384 722 564 757 omnibus
585 721 698 757 factis
714 734 768 765 re,
785 734 864 756 non
881 726 984 757 teste
1001 734 1237 757 moveamur.
1261 721 1363 758 Sunt
1383 724 1488 757 enim

324 780 425 816 levia
449 785 490 816 et
515 779 739 824 perinfirma
763 792 863 824 quae
884 779 1119 815 dicebantur
1139 793 1161 814 a
1180 784 1235 823 te,
1256 782 1375 815 animi
1397 792 1488 815 con-

324 841 488 874 scientia
501 838 697 883 improbos
712 840 937 881 excruciari,
952 842 1037 873 tum
1051 840 1171 873 etiam
1185 850 1335 882 poenae
1349 840 1490 873 timore

326 910 401 942 qua
417 901 485 932 aut
505 896 722 932 afficiantur
742 901 810 931 aut
831 909 987 940 semper
1007 899 1086 932 sint
1107 899 1147 931 in
1168 901 1279 931 metu
1300 908 1350 931 ne
1372 896 1488 931 affici-

324 960 440 990 antur
459 954 679 998 aliquando.
714 954 803 989 Non
823 959 981 998 oportet
1000 954 1184 990 timidum
1204 959 1272 990 aut
1292 954 1490 989 imbecillo

323 1016 454 1049 animo
484 1012 577 1056 fingi
607 1025 686 1047 non
716 1012 861 1047 bonum
892 1012 1002 1054 illum
1032 1015 1170 1056 virum,
1201 1015 1266 1057 qui
1296 1012 1487 1057 quidquid

325 1072 464 1108 fecerit
484 1073 566 1115 ipse
587 1083 628 1106 se
649 1072 798 1106 cruciet
818 1073 1026 1115 omniaque
1046 1069 1246 1115 formidet,
1267 1070 1336 1106 sed
1357 1073 1487 1106 omnia

325 1129 465 1166 callide
490 1129 731 1164 referentem
755 1128 804 1164 ad
830 1128 1058 1173 utilitatem,
1078 1134 1251 1173 acutum,
1272 1134 1485 1173 versutum,

326 1193 602 1230 veteratorem,
632 1186 746 1222 facile
776 1191 821 1222 ut
851 1190 1052 1231 excogitet
1086 1187 1282 1231 quomodo
1320 1187 1486 1231 occulte,

326 1250 409 1283 sine
440 1250 558 1289 teste,
591 1248 674 1280 sine
707 1245 787 1280 ullo
818 1248 972 1281 conscio
1004 1245 1124 1281 fallat.
1171 1246 1235 1281 An
1267 1251 1311 1281 tu
1342 1258 1405 1281 me
1438 1245 1488 1281 de

327 1306 368 1341 L.
388 1304 542 1340 Tubulo
558 1309 672 1348 putas
689 1303 845 1339 dicere?
866 1306 931 1348 qui
946 1317 1034 1339 cum
1048 1309 1205 1349 praetor
1218 1306 1489 1349 quaestionem

325 1367 430 1399 inter
450 1364 605 1398 sicarios
626 1364 878 1406 exercuisset,
895 1365 949 1398 ita
965 1367 1101 1407 aperte
1118 1365 1223 1407 cepit
1239 1364 1424 1407 pecunias
1441 1362 1491 1397 ob

327 1435 409 1458 rem
423 1420 672 1457 iudicandam
685 1425 730 1456 ut
745 1433 848 1455 anno
862 1423 1039 1465 proximo
1055 1420 1093 1456 P.
1107 1420 1293 1457 Scaevola
1309 1421 1490 1456 tribunus

327 1481 452 1526 plebis
480 1479 602 1515 ferret
630 1478 679 1514 ad
707 1478 879 1523 plebem,
901 1478 1105 1515 vellentne
1134 1478 1183 1515 de
1212 1492 1257 1514 ea
1278 1491 1319 1514 re
1340 1481 1482 1523 quaeri.

327 1539 416 1584 Quo
437 1538 644 1583 plebiscito
665 1536 826 1572 decreta
846 1550 867 1572 a
889 1542 1027 1573 senatu
1054 1542 1115 1573 est
1139 1537 1288 1573 consuli
1310 1539 1487 1582 quaestio

326 1599 393 1633 Cn.
422 1597 628 1641 Caepioni3
653 1594 852 1640 profectus
878 1598 918 1631 in
947 1595 1126 1631 exsilium
1151 1595 1327 1631 Tubulus
1354 1598 1486 1631 statim

326 1669 399 1692 nec
419 1653 657 1699 respondere
678 1666 793 1689 ausus
809 1666 818 1696 ;
848 1658 932 1690 erat
953 1656 1059 1690 enim
1079 1667 1140 1690 res
1161 1658 1306 1699 aperta.

370 1756 417 1786 'si
442 1755 620 1786 videretur
645 1754 741 1784 Mdv.
773 1764 840 1784 om.
875 1754 959 1784 with
992 1754 1034 1791 A,
1067 1754 1105 1791 B,
1141 1755 1181 1792 E,
1208 1754 1268 1784 but
1293 1765 1346 1794 cp.
1375 1754 1486 1790 Plato,

329 1798 477 1829 Phaedr.
507 1806 569 1836 250
595 1796 637 1826 D.
669 1798 738 1835 ὄψις
765 1798 827 1836 ’γὰρ
852 1798 922 1834 ἡμῖν
948 1798 1081 1834 ὀξυτάτη
1107 1799 1168 1827 τῶν
1194 1798 1243 1827 διὰ
1267 1798 1321 1827 τοῦ
1345 1797 1488 1833 σώματος

325 1845 452 1881 ἔρχεται
467 1840 653 1876 αἰσθησέων,
675 1838 693 1876 ᾗ
711 1841 858 1878 φρόνησις
876 1842 933 1878 οὐχ
951 1841 1072 1879 ὁρᾶται.
1086 1841 1200 1870 δεινοὺς
1213 1841 1273 1879 ’γὰρ
1286 1841 1323 1870 ἂν
1337 1840 1487 1878 παρεῖχεν

323 1888 448 1924 ἔρωτας,
482 1884 511 1912 εἴ
538 1894 568 1911 τι
600 1883 739 1912 τοιοῦτον
769 1883 880 1920 ἑαυτῆς
919 1884 1047 1922 ἐναργὲς
1084 1885 1211 1913 εἴδωλον
1244 1883 1415 1922 παρείχετο
1445 1883 1487 1912 εἰς

325 1929 340 1959 ὅ
370 1940 396 1957 ιν
414 1928 467 1956 ἰόν.

343 1930 527 2010 lp2'quzc1cm
547 1980 582 1998 ιη
602 1968 748 1998 lenebn's
766 1968 938 1998 micesinf.
957 1969 1057 1999 MSS.
1075 1969 1139 2009 Cp.
1157 1969 1196 1999 de
1212 1969 1279 2010 Off
1294 1979 1323 2008 3.
1338 1977 1389 2008 77,
1403 1978 1480 1998 cum

321 2014 411 2044 enim
429 2012 533 2042 fidem
550 2011 696 2041 alicuius
714 2011 872 2047 laudant,
893 2011 1040 2051 dignum
1058 2022 1137 2042 esse
1154 2012 1272 2042 dicunt
1290 2012 1428 2052 quicum
1447 2011 1480 2042 in

320 2056 474 2087 tenebris
492 2054 598 2085 mices
614 2054 677 2094 (se.
698 2054 845 2094 digitis).

428 2110 502 2142 140
