1574 2364
191 1726 235 1763 17

573 149 768 187 CICERO
800 149 873 186 DE
905 150 1123 188 FINIBUS

265 241 343 266 non
366 234 409 265 ut
429 242 499 265 nos
520 242 598 264 non
620 228 898 274 intellegamus
915 242 1015 274 quae
1036 231 1092 267 vis
1112 232 1163 267 sit
1179 232 1290 267 istius
1307 231 1429 274 verbi,

265 299 333 336 sed
365 304 411 336 ut
442 299 508 337 ille
542 312 612 336 suo
645 312 753 336 more
785 299 982 345 loquatur,
1014 305 1192 337 nostrum
1227 301 1427 347 neglegat.

266 371 305 408 Si
339 373 445 408 enim
477 370 584 407 idem
617 370 714 407 dicit
746 370 851 416 quod
885 371 1168 417 Hieronymus,
1198 374 1265 417 qui
1295 377 1432 409 censet

265 455 461 479 summum
489 442 636 478 bonum
665 455 749 478 esse
778 444 862 478 sine
891 441 970 478 ulla
996 442 1177 479 molestia
1198 445 1342 488 vivere,
1363 455 1432 479 cur

265 513 415 549 mavult
436 513 567 550 dicere
596 513 842 558 voluptatem
870 526 986 558 quam
1015 516 1253 550 vacuitatem
1275 513 1431 559 doloris,

265 590 310 621 ut
342 584 407 621 ille
441 584 547 629 facit,
580 587 646 630 qui
679 584 774 629 quid
805 583 912 621 dicat
946 584 1172 630 intellegit?
1203 587 1263 621 sin
1296 590 1430 621 autem

266 656 510 701 voluptatem
533 660 647 701 putat
667 655 962 701 adiungendam
979 669 1066 692 eam
1081 669 1181 701 quae
1197 658 1248 693 sit
1263 659 1304 692 in
1320 661 1430 692 motu

266 719 337 770 (sic
366 730 471 764 enim
505 726 681 772 appellat
716 726 816 762 hanc
851 726 1023 772 dulcem,
1056 717 1122 763 ‘in
1156 727 1291 773 motu,’
1324 727 1432 763 illam

266 798 364 834 nihil
404 797 588 842 dolentis,
629 788 689 833 ‘in
728 790 997 842 stabilitate’),
1028 797 1122 844 quid
1152 798 1309 835 tendit?
1344 812 1432 835 cum

267 870 420 906 efficere
442 882 520 905 non
543 871 665 915 possit
687 874 731 905 ut
751 872 933 914 cuiquam
954 871 1020 914 qui
1042 871 1125 914 ipse
1147 869 1219 905 sibi
1236 874 1352 906 notus
1369 873 1432 914 sit,

268 940 341 977 hoc
370 945 431 977 est
461 943 526 985 qui
557 953 666 976 suani
695 945 877 976 naturam
907 953 1144 985 sensumque
1175 943 1434 986 perspexerit,

267 1014 439 1048 vacuitas
460 1010 603 1047 doloris
625 1016 666 1047 et
687 1011 866 1056 voluptas
882 1010 988 1047 idem
1006 1024 1090 1047 esse
1108 1011 1297 1048 videatur.
1345 1012 1433 1048 Hoc

268 1087 329 1119 est
357 1084 436 1119 vim
466 1081 617 1126 afferre,
648 1081 860 1127 Torquate,
891 1082 1083 1127 sensibus,
1114 1086 1349 1127 extorquere
1385 1095 1433 1119 ex

268 1156 407 1190 animis
434 1155 682 1198 cognitiones
709 1153 917 1190 verborum
945 1153 1086 1198 quibus
1116 1153 1257 1189 imbuti
1287 1166 1419 1189 sumus

268 1224 367 1270 Quis
388 1229 449 1261 est
476 1227 582 1260 enim
613 1227 679 1269 qui
710 1237 789 1260 non
819 1224 953 1260 videat
981 1223 1079 1261 haec
1110 1237 1194 1260 esse
1224 1227 1264 1260 in
1293 1229 1434 1260 natura

269 1309 399 1332 rerum
420 1296 520 1332 tria?
552 1309 674 1331 unum
696 1309 784 1331 eum
806 1298 846 1331 in
866 1295 1071 1341 voluptate
1099 1308 1245 1340 sumus,
1265 1295 1433 1331 alterum

268 1380 357 1404 cum
386 1369 427 1402 in
457 1366 606 1411 dolore,
637 1369 801 1402 tertium
832 1366 906 1402 hoc
938 1369 978 1401 in
1007 1379 1084 1411 quo
1115 1379 1220 1402 nunc
1250 1366 1434 1411 equidem

269 1452 368 1483 sum,
391 1437 508 1474 credo
529 1440 627 1474 item
650 1450 729 1482 vos,
745 1450 820 1474 nec
841 1440 881 1473 in
902 1437 1037 1473 dolore
1058 1450 1132 1473 nee
1152 1440 1192 1473 in
1210 1437 1434 1483 voluptate;

268 1515 313 1547 ut
340 1512 380 1545 in
408 1508 611 1554 voluptate
640 1511 690 1545 sit
718 1510 784 1553 qui
812 1508 1010 1553 epuletur,
1031 1510 1070 1543 in
1099 1507 1233 1545 dolore
1261 1511 1327 1553 qui
1355 1513 1434 1544 tor-

268 1585 456 1626 queatur:
497 1584 540 1616 tu
576 1584 709 1616 autem
750 1582 855 1615 inter
893 1579 991 1616 haec
1026 1583 1179 1615 tantam
1210 1578 1433 1615 multitudi-

267 1665 359 1688 nem
380 1651 585 1687 hominum
606 1652 858 1686 interiectam
878 1663 959 1686 non
979 1649 1088 1686 vides
1108 1663 1182 1686 nec
1198 1649 1433 1686 laetantium

268 1736 341 1759 nec
357 1722 578 1759 dolentium
590 1722 603 1757 ἒ
615 1721 635 1733 ”
666 1712 692 1728 “
706 1722 796 1757 Non
812 1721 1006 1767 prorsus,‘’
1025 1724 1168 1766 inquit,
1185 1711 1433 1766 “omnesque

267 1795 333 1839 qui
354 1796 438 1830 sine
460 1792 595 1829 dolore
617 1795 696 1829 sint
716 1795 757 1828 in
778 1792 996 1837 voluptate,
1018 1797 1060 1828 et
1081 1804 1126 1828 ea
1147 1791 1310 1837 quidem
1330 1805 1433 1828 sum-

267 1878 344 1910 ma,
366 1877 450 1901 esse
472 1863 598 1900 dico.”
661 1853 684 1869 “
700 1863 804 1908 Ergo
825 1865 865 1899 in
882 1863 1023 1899 eadem
1039 1862 1243 1908 voluptate
1261 1875 1351 1899 eum
1367 1865 1432 1908 qui

308 2000 324 2018 ²
338 1994 367 2025 A
381 1993 631 2025 reminiscence
649 1991 688 2022 of
699 1992 758 2022 the
776 1991 906 2022 maxim
930 1992 1029 2030 ’γνῶθι
1045 1991 1188 2029 σεαυτόν,
1212 1993 1220 2007 ‘
1234 1991 1339 2022 know
1355 1991 1431 2031 thy·

267 2037 355 2075 self,'
374 2035 553 2068 inscribed
569 2045 612 2066 on
631 2035 690 2066 the
707 2035 835 2075 temple
853 2034 893 2065 of
904 2034 1030 2075 Apollo
1045 2038 1083 2066 at
1102 2034 1243 2075 Delphi.

373 2085 424 2128 96
