1574 2364
202 633 251 664 211κ

205 1457 250 1489 25

589 164 785 201 CICERO
816 164 891 200 DE
921 164 1141 203 FINIBUS

280 249 342 281 est
381 247 507 290 primo
550 256 620 279 nos
664 246 881 289 sapientiae
925 244 1192 281 commendari
1234 243 1283 280 ab
1325 246 1448 282 initiis

279 305 456 344 naturae,
471 303 560 344 post
578 303 713 334 autem
733 301 857 344 ipsam
873 302 1106 344 sapientiam
1126 301 1239 336 nobis
1259 302 1447 336 cariorem

281 354 363 390 fieri
395 367 512 399 quam
543 353 610 389 illa
641 356 721 390 sint
757 367 779 389 a
814 354 955 399 quibus
986 354 1035 390 ad
1074 354 1176 391 hanc
1210 358 1442 392 venerimus.

281 410 415 453 Atque
436 414 481 445 ut
501 409 678 445 membra
693 409 804 445 nobis
826 412 880 444 ita
896 409 988 445 data
1001 414 1094 446 sunt
1114 414 1158 446 ut
1177 409 1227 446 ad
1248 410 1446 455 quandam

280 467 475 500 rationem
496 463 653 500 vivendi
684 463 776 499 data
806 476 890 500 esse
920 469 1149 509 appareant,
1170 467 1224 500 sic
1253 468 1448 510 appetitio

280 521 414 563 animi,
445 531 545 563 quae
580 517 673 563 ὁρμή
708 518 859 555 Graece
887 524 1059 564 vocatur,
1087 532 1167 555 non
1201 519 1251 555 ad
1285 520 1448 564 quodvis

281 586 408 618 genus
429 576 532 609 vitae
553 573 623 609 sed
643 572 693 609 ad
713 573 911 618 quandam
933 573 1098 610 formam
1113 574 1271 610 vivendi
1292 574 1449 611 videtur

282 628 387 673 data,
414 631 591 673 itemque
619 633 660 664 et
687 631 786 664 ratio
813 633 855 664 et
884 627 1062 673 perfecta
1088 631 1197 665 ratio.
1261 629 1316 666 Ut
1343 632 1448 666 enim

283 683 463 719 histrioni
487 686 603 727 aetio,
623 683 799 719 saltatori
826 688 956 719 motus
976 697 1055 719 non
1077 686 1201 729 quivis
1222 684 1291 720 sed
1319 689 1449 721 certus

283 738 443 784 quidam
471 743 532 774 est
561 738 689 782 datus,
710 741 764 774 sic
793 741 872 774 vita
898 738 1053 783 agenda
1077 744 1138 775 est
1165 744 1273 774 certo
1300 751 1448 783 genere

283 793 467 838 quodam,
487 806 567 829 non
588 793 786 838 quolibet3
816 793 921 838 quod
945 806 1071 838 genus
1092 796 1330 830 conveniens
1358 807 1449 830 con-

283 853 598 893 sentaneumque
620 848 796 884 dicimus.
849 848 933 884 Nec
955 852 1061 884 enim
1081 849 1360 893 gubernationi
1381 854 1450 886 aut

283 903 504 939 medicinae
533 903 702 939 similem
731 905 965 948 sapientiam
995 916 1080 940 esse
1108 904 1355 948 arbitramur,
1380 903 1448 940 sed

283 961 429 994 actioni
450 958 505 993 illi
527 961 656 1003 potius
673 971 790 1003 quam
810 957 928 994 modo
948 958 1029 994 dixi
1050 963 1092 994 et
1111 958 1323 1003 saltationi,
1344 963 1388 995 ut
1408 962 1448 994 in

285 1016 368 1059 ipsa
397 1016 503 1058 insit,
524 1026 603 1048 non
631 1012 723 1048 foris
747 1018 908 1058 petatur
931 1018 1167 1057 extremum,
1195 1013 1235 1049 id
1266 1018 1327 1050 est
1355 1016 1449 1050 artis

285 1068 450 1105 effectio.
512 1068 565 1104 Et
602 1073 737 1104 tamen
772 1073 833 1104 est
871 1070 992 1104 etiam
1029 1068 1104 1103 alia
1136 1081 1224 1104 curn
1263 1068 1323 1104 his
1357 1071 1450 1114 ipsis

283 1124 433 1159 artibus
469 1125 686 1168 sapientiae
716 1123 1008 1167 dissimilitudo,
1038 1128 1247 1168 propterea
1273 1123 1379 1168 quod
1409 1126 1449 1159 in

284 1178 360 1214 illis
399 1191 499 1223 quae
531 1183 639 1214 recte
678 1177 781 1214 facta
819 1183 913 1214 sunt
950 1191 1030 1214 non
1068 1181 1278 1214 continent
1315 1183 1449 1214 tamen

284 1246 421 1269 omnes
442 1238 572 1278 partes
593 1246 614 1269 e
635 1233 776 1278 quibus
789 1238 992 1277 constant3
1016 1246 1117 1278 quae
1137 1238 1271 1269 autem
1291 1246 1362 1269 nos
1381 1239 1450 1270 aut

284 1293 389 1325 rect‘
417 1293 486 1324 aut
510 1293 618 1324 recte
649 1287 753 1323 facta
783 1287 971 1333 dicamus,
996 1291 1027 1324 si
1057 1288 1201 1333 placet,
1228 1288 1285 1324 illi
1314 1293 1449 1324 autem

284 1345 489 1388 appellant
515 1342 796 1387 κατορθώματα,
817 1355 954 1379 omnes
975 1356 1159 1379 numeros
1180 1345 1336 1380 virtutis
1357 1356 1448 1379 con-

286 1401 427 1434 tinent.
446 1397 535 1434 Sola
549 1400 653 1433 enim
669 1400 861 1442 sapientia
871 1401 910 1433 in
921 1411 961 1434 se
970 1403 1056 1434 tota
1065 1410 1251 1434 conversa
1261 1403 1334 1443 est,
1344 1398 1448 1443 quod

286 1453 392 1489 idem
406 1455 445 1488 in
461 1455 602 1488 ceteris
611 1453 760 1488 artibus
770 1466 849 1488 non
859 1452 911 1488 fit.
930 1452 1077 1489 Inscite
1086 1458 1220 1489 autem
1229 1453 1449 1490 medicinae

285 1513 327 1544 et
341 1508 640 1553 gubernationis
656 1507 840 1543 ultimum
856 1520 944 1544 cum
961 1507 1102 1544 ultimo
1115 1510 1331 1553 sapientiae
1346 1521 1449 1544 com-

285 1568 453 1609 paratur.
514 1562 717 1608 Sapientia
755 1565 861 1598 enim
900 1568 942 1599 et
979 1565 1099 1598 animi
1132 1563 1450 1608 magnitudinem

330 1771 345 1789 a
359 1766 504 1807 Effectio
520 1765 549 1795 is
566 1765 648 1795 here
672 1766 779 1795 taken
798 1775 839 1795 as
856 1765 1056 1806 equivalent
1079 1768 1116 1796 to
1139 1765 1197 1796 the
1222 1765 1450 1795 Aristotelian

281 1810 422 1851 praxis,
437 1819 478 1839 as
496 1809 528 1838 in
546 1809 561 1846 ἓ
577 1818 639 1847 45;
665 1808 723 1838 but
743 1809 767 1838 it
786 1808 899 1848 might
918 1808 959 1839 be
977 1808 1167 1839 constr-ned
1184 1819 1224 1839 as
1242 1808 1376 1849 having
1392 1809 1451 1839 the

287 1863 391 1883 sense
415 1852 455 1882 of
483 1851 666 1881 ‘effeetus'
692 1851 724 1881 in
750 1852 854 1882 Tusc.
885 1861 914 1889 2,
940 1861 970 1891 3.
997 1851 1062 1883 viz.
1089 1862 1189 1891 ergon
1215 1851 1248 1881 in
1276 1851 1320 1881 its
1345 1851 1452 1882 wider

288 1905 403 1932 sense,
432 1895 491 1925 the
517 1894 665 1934 product
692 1894 732 1924 of
758 1905 803 1925 an
835 1896 903 1932 art,
929 1895 1099 1935 covering
1123 1895 1207 1924 both
1228 1895 1367 1935 praxis,
1394 1894 1452 1925 the

287 1939 404 1969 actual
435 1937 592 1968 exereise
623 1936 663 1967 of
692 1938 751 1967 the
782 1941 850 1974 art,
884 1938 996 1968 which
1029 1938 1058 1969 is
1090 1938 1147 1968 the
1179 1937 1327 1978 product
1361 1937 1401 1967 of
1430 1947 1448 1968 a

290 1981 465 2022 ‘practie'
481 1984 549 2017 art,
568 1980 639 2010 and
662 1990 763 2020 ergon
782 1980 814 2010 in
839 1980 897 2010 the
921 1991 1102 2011 narrower
1126 1991 1241 2017 sense,
1266 1979 1450 2011 ‘effectus‘

287 2024 319 2055 in
348 2026 364 2062 ἓ
390 2034 442 2064 32,
469 2025 527 2054 the
552 2027 766 2054 extraneous
792 2023 941 2064 product
972 2023 1011 2055 of
1038 2034 1060 2054 a
1094 2022 1266 2064 ‘poietic’
1299 2033 1339 2054 or
1369 2032 1451 2053 con-

287 2069 454 2100 structive
470 2070 536 2098 art.

393 2123 469 2154 2152
