1574 2364
198 277 221 307 4

561 187 756 225 CICERO
788 187 862 224 DE
893 187 1111 226 FINIBUS

320 269 370 305 II.
424 269 505 305 Hic
545 280 641 313 ego:
691 257 964 312 “Pomponius
1002 266 1203 312 quidem‚'’
1244 269 1418 313 inquam,

267 317 419 361 ‘noster
437 325 556 359 iocari
576 321 746 367 videtur,
769 327 810 358 et
829 321 994 359 fortasse
1015 334 1084 358 suo
1103 324 1208 366 iure3
1237 324 1294 359 ita
1314 325 1419 359 enim

251 393 292 417 se
314 379 486 416 Athenis
507 377 715 414 collocavit
734 382 779 413 ut
799 380 850 414 sit
870 389 998 422 paene
1014 389 1116 413 unus
1133 390 1181 413 ex
1199 377 1358 422 Atticis,
1375 382 1420 414 ut

250 435 291 471 id
319 437 440 471 etiam
467 446 690 478 cognomen
710 432 892 469 videatur
918 431 1149 476 habiturus3
1180 444 1255 478 ego
1281 437 1417 469 autem

251 491 337 535 tibi,
368 489 466 533 Piso,
496 491 702 532 assentior,
734 500 806 523 usu
837 487 913 522 1100
944 489 1080 523 venire
1113 491 1159 523 ut
1189 489 1315 524 acrius
1346 487 1415 523 ali-

251 549 400 590 quanto
421 548 463 580 et
481 546 676 580 attentius
697 542 746 578 de
769 541 881 578 claris
901 544 991 578 viris
1011 541 1186 578 locorum
1210 541 1416 578 admonitu

253 603 482 645 cogitemus.
543 598 626 635 Scis
657 600 763 633 enim
792 609 856 633 me
882 596 1052 641 quodam
1078 601 1259 642 tempore
1287 597 1416 633 Meta-

254 660 420 700 pontum
458 655 612 689 venisse
651 657 785 688 tecum
825 664 956 696 neque
999 651 1049 687 ad
1087 651 1286 696 hospitem
1323 657 1417 688 ante

254 710 470 746 devertisse
491 721 609 753 quam
639 707 887 752 Pythagorae
907 709 1036 751 ipsum
1056 706 1168 742 illum
1193 705 1323 742 locum
1350 707 1417 742 ubi

255 768 374 801 vitam
396 763 577 800 ediderat
597 762 812 807 sedemque
833 761 1010 797 viderim.
1057 761 1146 797 Hoc
1166 766 1300 797 autem
1316 766 1417 797 tem-

254 832 362 866 pore,
383 821 459 855 etsi
485 818 611 854 multa
638 820 678 853 in
705 819 812 853 omni
839 820 951 861 parte
979 815 1230 852 Athenarum
1258 821 1350 852 sunt
1376 819 1417 851 in

254 878 346 921 ipsis
366 874 461 910 locis
476 873 622 909 indicia
641 884 882 909 summorum
903 874 1085 915 virorum,
1102 876 1237 907 tamen
1258 883 1332 915 ego
1353 871 1418 906 illa

255 942 413 966 moveor
434 927 632 971 exhedra3
661 926 778 963 modo
800 929 906 962 enim
931 925 1007 962 fuit
1034 925 1246 962 Carneadis
1261 938 1270 969 ;
1299 938 1418 970 quem

254 985 388 1022 videre
409 983 545 1020 videor
566 975 645 1026 (est
665 984 772 1018 enim
792 986 887 1017 nota
907 972 1068 1025 imago),
1089 994 1111 1016 a
1136 980 1310 1025 sedeque
1335 983 1418 1026 ipsa

254 1045 366 1077 tanta
384 1041 521 1083 ingeni
542 1036 818 1082 magnitudine
839 1036 974 1072 orbata
995 1035 1209 1072 desiderari
1226 1035 1332 1071 illam
1353 1047 1418 1071 vo·

255 1108 341 1132 cem
362 1095 496 1140 puto.’'

310 1150 412 1186 Tum
435 1149 544 1185 Piso:
576 1138 814 1192 “Quoniam
835 1149 956 1190 igitur
975 1144 1125 1190 aliquid
1152 1157 1301 1190 omnes,
1323 1144 1417 1190 quid

257 1206 400 1242 Lucius
433 1203 624 1240 noster?'’
665 1204 814 1246 inquit;
843 1192 866 1208 “
880 1214 930 1236 an
960 1213 1051 1236 eum
1084 1200 1214 1236 locum
1246 1199 1420 1236 libenter

254 1262 388 1297 invisit
417 1260 483 1295 ubi
512 1257 806 1294 Demosthenes
834 1261 876 1292 et
902 1255 1122 1292 Aeschines
1148 1258 1253 1291 inter
1279 1267 1320 1291 se
1350 1255 1418 1291 de-

254 1320 405 1352 certare
421 1314 526 1350 soliti
539 1313 655 1349 sunt?
689 1311 768 1349 Suo
782 1314 888 1347 enim
901 1302 1088 1356 quisque1
1103 1310 1234 1347 studio
1249 1312 1419 1347 maxime

254 1369 450 1408 ducitur.''

311 1425 364 1461 Et
392 1424 471 1468 ille,
493 1436 583 1459 cum
612 1421 847 1466 erubuisset,
869 1411 1038 1465 “N01i‚”
1067 1421 1211 1465 inquit,
1238 1409 1264 1427 “
1276 1432 1324 1456 ex
1354 1432 1419 1456 me

256 1492 458 1526 quaerere,
480 1480 547 1523 qui
567 1479 608 1513 in
630 1476 877 1513 Phalericum
899 1478 1019 1512 etiam
1039 1473 1328 1519 descenderim,
1342 1487 1419 1520 quo

255 1539 296 1572 in
322 1535 407 1571 1000
434 1533 483 1570 ad
511 1532 673 1569 fluctum
696 1534 810 1567 aiunt
835 1530 1057 1567 declamare
1084 1529 1244 1566 solitum
1272 1529 1419 1565 Demo-

256 1590 439 1627 sthenem
453 1593 499 1624 ut
514 1587 717 1623 fremitum
730 1590 975 1622 assuesceret
987 1597 1082 1621 voce
1094 1586 1264 1621 vincere.
1297 1584 1419 1620 Modo

257 1648 376 1681 etiam
404 1643 564 1689 paulum
591 1642 641 1678 ad
671 1641 877 1678 dexteram
904 1640 955 1676 de
982 1642 1044 1676 via
1073 1639 1268 1676 declinavi
1296 1644 1341 1675 ut
1370 1639 1419 1676 ad

258 1699 396 1736 Pericli
427 1698 651 1744 sepulcrum
680 1695 922 1733 accederem.
982 1693 1232 1740 Quamquam
1264 1694 1304 1731 id
1335 1697 1420 1740 qui-

252 317 261 332 6

335 1804 502 1845 ¹que'sque
519 1801 613 1832 Mdv.
635 1800 719 1831 with
737 1799 796 1831 inf.
819 1799 943 1836 MSS.;
967 1809 1060 1830 unus
1077 1799 1225 1841 quisque
1242 1799 1282 1837 B,
1301 1799 1341 1830 E.

300 1925 315 1942 a
328 1918 414 1949 This
430 1915 610 1958 propheey
623 1914 715 1945 after
727 1914 785 1945 the
799 1915 903 1945 event
914 1913 1033 1944 shows
1049 1912 1128 1944 that
1141 1912 1297 1944 Cicero’s
1310 1911 1421 1943 friend

258 1963 330 1994 and
351 1958 631 2001 correspondent
650 1957 792 1988 derived
810 1957 868 1987 the
885 1966 990 1987 name
1014 1955 1061 1997 by
1085 1955 1200 1987 which
1223 1956 1267 1987 he
1291 1956 1320 1986 is
1344 1956 1421 1986 best

259 2008 390 2038 known
406 2003 496 2034 from
513 2002 568 2033 his
584 2002 670 2042 long
687 2000 868 2032 residenee
885 2004 923 2031 at
939 1999 1088 2030 Athens.

297 2048 314 2071 b
327 2045 534 2079 Carneades
550 2042 707 2085 died'129
722 2051 753 2075 Β.
761 2051 808 2082 (3.,
823 2043 901 2085 fifty
916 2052 1024 2085 years
1040 2042 1160 2073 before
1171 2042 1228 2072 the
1242 2040 1421 2082 supposed

258 2093 340 2123 date
358 2091 397 2122 of
409 2090 478 2120 this
496 2089 673 2128 dialogue.

368 2144 444 2180 394
