1574 2364
204 234 253 268 72

216 2044 265 2080 74

583 152 778 188 CICERO
810 152 884 188 DE
914 151 1134 190 FINIBUS

344 222 436 268 “Ad
456 244 600 276 easque
617 234 785 267 virtutes
801 231 852 267 de
869 232 1009 276 quibus
1024 232 1270 277 disputatum
1293 238 1353 269 est
1374 233 1454 268 dia-

288 302 469 338 lecticam
492 306 612 338 etiam
634 302 859 347 adiungunt
879 306 921 339 et
940 302 1145 347 physicam
1161 316 1306 348 easque
1323 304 1456 340 ambas

288 376 478 409 virtutum
512 376 672 409 nomine
708 372 925 418 appellant,
961 373 1127 409 alteram
1164 374 1271 419 quod
1310 374 1457 411 habeat

289 448 482 481 rationem
516 457 567 480 ne
603 447 665 480 cui
700 444 798 480 falso
832 447 1094 480 assentiamur
1128 458 1230 482 neve
1269 459 1454 491 umquam

290 519 463 561 captiosa
484 515 765 561 probabilitate
787 515 981 561 fallamur,
1003 529 1129 561 eaque
1150 529 1249 561 quae
1271 517 1321 553 de
1343 518 1455 554 bonis

288 592 329 623 et
359 586 470 622 malis
501 586 755 622 didicerimus
785 591 830 622 ut
860 591 999 623 tenere
1029 589 1212 632 tuerique
1243 590 1455 632 possimus;

288 671 380 693 nam
401 660 485 694 sine
507 657 579 693 hac
600 663 685 693 arte
707 659 884 702 quemvis
905 658 1148 694 arbitrantur
1162 671 1185 694 a
1201 671 1293 694 vero
1313 658 1455 695 abduci

291 729 453 774 fallique
485 741 610 774 posse.
674 728 798 765 Recte
830 731 964 773 igitur,
996 731 1027 765 si
1057 730 1238 766 omnibus
1268 733 1309 765 in
1340 730 1458 766 rebus

290 803 494 836 temeritas
516 802 793 845 ignoratioque
815 801 955 836 vitiosa
977 805 1051 845 est,
1073 813 1133 836 ars
1156 813 1201 837 ea
1226 813 1326 846 quae
1351 801 1458 838 tollit

292 872 388 908 haec
409 874 531 907 virtus
553 874 758 907 nominata
778 875 849 907 est.

349 941 478 978 XXII.
511 933 535 949 “
549 942 737 987 Physicae
759 955 915 987 quoque
937 955 1017 978 non
1039 945 1123 979 sine
1151 956 1265 979 causa
1286 944 1458 980 tributus

290 1013 397 1050 idem
429 1018 492 1049 est
522 1013 660 1057 honos,
692 1017 903 1058 propterea
935 1013 1041 1058 quod
1073 1016 1140 1058 qui
1173 1017 1458 1051 convenienter

290 1090 454 1121 naturae
482 1088 656 1120 victurus
687 1087 738 1120 sit
768 1087 804 1120 ei
831 1084 1160 1129 proficiscendum
1188 1090 1249 1122 est
1275 1086 1324 1122 ab
1351 1089 1457 1122 omni

291 1156 441 1192 mundo
457 1160 577 1200 atque
593 1155 642 1191 ab
662 1158 745 1192 eius
766 1159 1054 1200 procuratione.
1116 1156 1201 1192 Nec
1218 1170 1309 1193 vero
1325 1162 1460 1203 potest

293 1230 499 1272 quisquam
521 1227 571 1262 de
592 1227 704 1262 bonis
727 1231 768 1262 et
788 1226 900 1263 malis
928 1240 1020 1263 vere
1049 1227 1223 1264 iudicare
1251 1231 1326 1265 nisi
1353 1232 1460 1265 omni

295 1301 453 1343 cognita
483 1300 634 1334 ratione
665 1303 830 1334 naturae
862 1303 903 1334 et
932 1301 1037 1334 vitae
1069 1302 1189 1335 etiam
1221 1299 1399 1345 deorum,
1421 1305 1463 1337 et

298 1375 429 1406 utrum
448 1372 657 1405 conveniat
674 1382 802 1405 necne
819 1374 959 1405 natura
975 1369 1145 1406 hominis
1163 1384 1251 1406 cum
1270 1374 1461 1408 universa.

295 1442 487 1486 Quaeque
501 1445 594 1476 sunt
608 1445 742 1476 vetera
756 1446 967 1485 praecepta
982 1444 1235 1486 sapientium,
1245 1445 1311 1487 qui
1325 1443 1464 1479 iubent

297 1500 305 1514 ⁴
320 1510 491 1552 tempori
512 1520 649 1552 parere
666 1507 672 1518 ¹
697 1512 738 1543 et
760 1498 770 1513 ‘
785 1510 895 1552 sequi
912 1507 1031 1543 deum
1048 1508 1055 1519 ’
1075 1513 1116 1544 et
1133 1499 1143 1514 ‘
1156 1521 1197 1544 se
1215 1509 1403 1553 nosce1·e,'
1422 1515 1461 1546 et

297 1565 418 1610 ‘nihil
442 1573 582 1617 niniis‚’
605 1573 704 1609 haec
725 1576 809 1609 siue
838 1573 1010 1618 physicis
1037 1587 1155 1619 quam
1182 1577 1261 1610 vim
1288 1574 1462 1611 habeant

297 1634 357 1684 (et
384 1640 534 1676 liabent
561 1631 791 1682 maximam)
818 1639 953 1676 videre
980 1653 1098 1676 nemo
1125 1646 1267 1686 potest.
1327 1641 1461 1687 Atque

297 1710 417 1743 etiam
447 1706 497 1742 ad
528 1709 719 1742 iustitiam
751 1706 973 1751 colendam,
994 1706 1043 1742 ad
1074 1707 1243 1744 tuendas
1273 1710 1464 1744 amicitias

298 1779 339 1810 et
371 1773 541 1817 reliquas
576 1775 761 1808 caritates
794 1772 889 1817 quid
922 1778 1062 1809 natura
1096 1773 1225 1809 valeat
1256 1773 1353 1810 haec
1388 1787 1465 1810 una

297 1842 471 1884 cognitio
504 1843 638 1884 potest
670 1838 849 1881 tradere3
890 1851 965 1875 nec
998 1852 1090 1876 vero
1122 1843 1248 1885 pietas
1279 1840 1464 1877 adversus

298 1907 392 1943 deos
413 1919 487 1941 nec
508 1909 656 1950 quanta
677 1907 722 1940 iis
742 1908 869 1949 gratia
889 1905 1084 1942 debeatur
1099 1909 1184 1943 sine
1201 1906 1463 1952 explicatione

298 1978 459 2009 naturae
480 1971 662 2016 intellegi
683 1976 825 2016 potest.

351 2030 464 2076 “Sed
480 2042 555 2073 iani
574 2040 702 2073 sentio
718 2050 781 2072 uie
805 2050 889 2073 esse
912 2037 1068 2082 longius
1089 2044 1319 2084 provectum
1341 2053 1456 2084 quam

403 2096 480 2133 292
