1574 2364
246 762 296 795 20

634 142 830 180 CICERO
862 143 936 180 DE
966 144 1185 182 FINIBUS

326 229 595 262 constaremus
622 229 664 260 et
691 237 865 269 corpore,
888 229 930 261 et
952 223 1050 261 haec
1076 227 1161 271 ipsa
1188 230 1230 262 et
1257 238 1392 262 eorum
1417 229 1491 262 vir-

326 296 434 327 tutes
460 303 530 336 per
551 303 591 327 se
619 303 704 327 esse
732 290 952 327 sumendas.
1013 290 1077 327 An
1104 304 1196 328 vero
1220 291 1422 337 displicuit
1446 305 1491 328 ea

327 370 426 402 quae
453 357 603 393 tributa
624 361 684 393 est
707 359 828 393 animi
849 358 1060 394 virtutibus
1087 362 1199 394 tanta
1225 358 1490 404 praestantia?

327 437 377 460 an
397 437 497 469 quae
518 423 568 460 de
589 423 813 470 prudentia,
836 423 885 460 de
907 427 1134 469 cognitione
1163 437 1307 470 rerum,
1329 424 1379 461 de
1400 438 1490 461 con-

327 493 528 528 iunctione
567 493 725 536 generis
763 491 940 536 humani,
973 504 1153 537 quaeque
1187 492 1238 529 ab
1269 491 1410 529 iisdem
1444 491 1494 528 de

326 559 602 603 temperantia,
624 557 674 594 de
695 557 901 602 modestia,
919 557 969 594 de
990 558 1268 603 magnitudine
1288 560 1421 601 animi,
1441 557 1489 594 de

326 626 433 661 omni
463 623 673 661 honestate
698 624 909 660 dicuntur?
970 624 1217 661 Fatebuntur
1245 625 1366 662 Stoici
1393 624 1490 660 haec

326 693 455 728 omnia
477 690 583 727 dicta
600 703 684 727 esse
702 690 901 736 praeclare
916 704 1046 736 neque
1064 704 1150 727 eam
1167 704 1322 727 causam
1343 691 1489 727 Zenoni

326 756 573 795 desciscendi
612 756 742 793 fuisse.
816 756 904 792 Alia
943 757 1137 802 quaedam
1176 757 1325 801 dicent,
1361 757 1491 801 credo,

326 837 468 869 magna
489 826 741 868 antiquorum
764 836 848 860 esse
870 828 1032 868 peccata
1054 837 1154 869 quae
1179 823 1245 860 ille
1274 826 1355 860 veri
1383 826 1490 860 inve-

326 890 499 936 stigandi
529 889 694 935 cupidus
722 890 831 926 nullo
860 890 977 926 modo
1006 890 1108 927 ferre
1137 893 1320 936 potuerit.
1382 889 1488 935 Quid

326 961 432 996 enim
468 959 701 1003 perversius,
737 956 832 1001 quid
868 956 1168 1002 intolerabilius,
1201 957 1296 1002 quid
1330 957 1489 994 stultius

325 1038 442 1071 quam
477 1024 620 1060 bonam
651 1023 933 1068 valetudinem,
956 1037 1072 1068 quam
1104 1023 1283 1060 dolorum
1315 1026 1488 1060 omnium

326 1093 575 1134 vacuitatem,
590 1102 707 1134 quam
723 1092 997 1135 integritatem
1014 1090 1214 1127 oculorum
1230 1091 1487 1136 reliquorum-

324 1171 400 1205 que
428 1170 614 1193 sensuum
641 1169 788 1202 ponere
809 1159 851 1192 in
878 1157 990 1193 bonis
1017 1159 1148 1202 potius
1169 1171 1286 1203 quam
1306 1157 1487 1194 dicerent

323 1224 422 1262 nihil
443 1226 603 1259 omnino
619 1225 724 1259 inter
740 1236 804 1259 eas
820 1236 882 1259 res
898 1226 1023 1269 iisque
1040 1227 1252 1261 contrarias
1268 1225 1485 1261 interesse?

326 1306 372 1329 ea
402 1293 509 1327 enim
536 1292 667 1325 onmia
698 1302 798 1334 quae
830 1289 887 1325 illi
919 1290 1022 1326 bona
1053 1291 1234 1327 dicerent
1265 1294 1486 1337 praeposita

323 1371 422 1403 esse,
443 1370 522 1392 non
548 1356 670 1398 bona3
700 1358 876 1401 itemque
904 1355 971 1391 illa
992 1369 1091 1401 quae
1113 1360 1153 1393 in
1174 1370 1334 1402 corpore
1356 1357 1484 1394 excel—

321 1426 452 1462 lerent
472 1422 594 1459 stulte
610 1424 793 1467 antiquos
814 1422 958 1459 dixisse
980 1436 1050 1468 per
1070 1436 1111 1460 se
1133 1437 1217 1466 esse
1239 1424 1483 1470 expetenda3

321 1489 513 1529 sumenda
539 1491 669 1534 potius
696 1502 813 1533 quam
842 1489 1086 1534 expetenda3
1118 1503 1163 1526 ea
1183 1490 1356 1536 denique
1377 1493 1481 1527 omni

320 1562 399 1595 vita
419 1570 518 1602 quae
540 1559 579 1591 in
597 1558 742 1592 virtute
764 1569 839 1591 una
857 1558 1104 1602 consisteret,
1122 1557 1228 1593 illam
1245 1560 1364 1594 vitam
1381 1570 1480 1603 quae

317 1629 438 1663 etiam
465 1625 607 1660 ceteris
635 1622 751 1658 rebus
772 1634 871 1667 quae
893 1628 1028 1659 essent
1053 1624 1272 1660 secundum
1299 1629 1479 1661 naturam

315 1690 551 1734 abundaret,
572 1690 697 1733 magis
730 1689 998 1733 expetendam
1030 1703 1109 1726 non
1138 1703 1223 1727 esse
1252 1690 1323 1727 sed
1354 1694 1479 1737 magis

314 1756 568 1799 sumendam;
610 1768 779 1800 cumque
804 1757 887 1800 ipsa
916 1758 1036 1792 virtus
1062 1756 1204 1793 efficiat
1235 1759 1290 1793 ita
1322 1757 1477 1794 beatam

313 1828 435 1862 vitam
466 1828 511 1859 ut
543 1822 695 1859 beatior
727 1834 812 1858 esse
844 1835 924 1858 non
955 1827 1090 1868 possit,
1121 1828 1256 1859 tamen
1283 1824 1476 1870 quaedam

311 1892 450 1929 deesse
471 1889 715 1935 sapientibus
744 1893 829 1924 tum
857 1902 947 1924 cum
968 1891 1049 1926 sint
1075 1889 1312 1934 beatissimi3
1342 1893 1475 1936 itaque

309 1971 376 1995 eos
410 1957 450 1994 id
488 1968 605 2001 agere
637 1960 682 1991 ut
713 1968 735 1990 a
773 1967 814 1992 se
850 1954 1017 2001 dolores,
1048 1956 1217 2001 morbos,
1248 1956 1474 1993 debilitates

309 2024 514 2071 repellant.

419 2083 439 2114 3
446 2083 494 2113 22
