1574 2364
225 525 273 556 18

229 1333 273 1370 19

608 126 804 163 CICERO
835 126 909 162 DE
940 126 1159 164 FINIBUS

301 210 616 252 progressionem
646 209 844 251 persecuti
874 210 977 243 sunt.
1038 206 1097 242 Ex
1127 219 1204 251 quo
1230 207 1463 251 magnitudo

302 282 457 315 quoque
477 272 597 305 animi
625 269 841 305 exsistebat
867 282 943 314 qua
967 268 1082 305 facile
1102 274 1236 314 posset
1255 272 1466 314 repugnari

303 333 518 376 obsistique
558 331 753 376 fortunae,
789 331 894 376 quod
932 334 1125 367 maximae
1163 344 1225 368 res
1260 336 1395 368 essent
1427 334 1467 367 in

302 399 501 440 potestate
523 397 728 439 sapientis;
750 397 961 430 varietates
981 399 1116 430 autem
1136 397 1375 439 iniuriasque
1392 393 1468 430 for-

304 463 423 493 tunae
453 457 568 493 facile
598 462 777 493 veterum
809 456 1130 502 philosophorum
1160 460 1381 502 praeceptis
1410 460 1468 492 in-

307 524 447 556 stituta
477 522 558 556 vita
589 520 809 565 superabat.
872 520 1075 564 PrincipiiS
1107 525 1241 555 autem
1274 533 1296 555 a
1330 525 1469 555 natura

305 584 405 619 datis
433 582 715 628 amplitudines
742 582 935 627 quaedam
962 583 1154 618 bonorum
1181 583 1468 627 excitabantur,

304 649 447 691 partim
461 645 664 691 profectae
677 659 699 680 a
713 645 1049 690 contemplatione
1066 658 1197 681 rerum
1213 645 1467 690 occultarum,

305 709 409 754 quod
427 714 511 745 erat
527 711 667 744 insitus
683 711 809 744 menti
826 710 1062 752 cognitionis
1077 721 1197 752 amor,
1215 721 1235 744 e
1252 721 1329 753 quo
1350 711 1468 744 etiam

305 775 465 808 rationis
496 772 752 817 explicandae
783 772 1081 816 disserendique
1112 771 1305 816 cupiditas
1335 784 1469 808 conse-

308 836 527 880 quebatur;
567 834 751 879 quodque
791 834 864 870 hoc
900 834 1025 870 solum
1059 834 1203 869 animal
1238 839 1376 870 natum
1410 839 1470 870 est

303 898 463 943 pudoris
493 911 536 933 ac
565 897 826 933 verecundiae
854 900 1050 942 particeps
1077 902 1350 942 appetensque
1378 910 1468 933 con-

303 964 451 997 victum
471 960 674 996 hominum
695 974 739 996 ac
760 963 991 996 societatem
1012 959 1409 1005 animadvertensque
1426 963 1465 996 in

303 1024 484 1060 omnibus
506 1024 621 1059 rebus
642 1036 737 1068 quas
757 1028 895 1068 ageret
916 1028 984 1058 aut
1004 1023 1156 1059 diceret
1175 1027 1221 1058 ut
1240 1036 1290 1058 ne
1307 1023 1401 1068 quid
1416 1023 1465 1058 ab

304 1100 350 1123 eo
381 1086 494 1122 fieret
523 1088 597 1122 nisi
627 1085 794 1122 honeste
824 1099 867 1122 ac
898 1085 1053 1130 decore,
1083 1085 1144 1121 his
1175 1088 1296 1122 initiis
1326 1078 1390 1122 et1
1420 1091 1465 1122 ut

303 1155 395 1185 ante
436 1149 516 1185 dixi
556 1149 770 1185 seminibus
808 1162 830 1184 a
864 1153 1005 1184 natura
1039 1148 1153 1192 datis,
1188 1151 1465 1193 temperantia,

303 1212 509 1257 modestia,
525 1215 674 1247 iustitia
695 1217 735 1247 et
751 1215 877 1247 omnis
894 1211 1078 1247 honestas
1096 1210 1273 1256 perfecte
1289 1211 1467 1248 absoluta

303 1276 373 1306 est.

359 1328 468 1363 VIII.
503 1318 525 1334 ‘⁶
546 1328 720 1371 Habes,”
752 1330 924 1372 inquam,
953 1318 977 1334 “
992 1327 1101 1372 Cato,
1136 1327 1301 1364 formam
1332 1341 1466 1364 eorum

303 1387 353 1423 de
395 1387 534 1432 quibus
582 1386 719 1430 loquor
766 1385 1098 1430 philosophorum.
1159 1386 1248 1430 Qua
1291 1389 1467 1431 exposita

304 1448 402 1482 scire
429 1448 544 1490 cupio
571 1457 671 1489 quae
693 1456 807 1479 causa
834 1447 884 1479 sit
914 1457 981 1479 cur
1002 1444 1107 1480 Zeno
1127 1445 1176 1479 ab
1204 1444 1275 1480 hac
1304 1448 1465 1490 antiqua

305 1507 588 1540 constitutione
616 1503 838 1546 desciverit,
860 1502 1048 1546 quidnam
1071 1502 1211 1538 horum
1237 1503 1286 1538 ab
1311 1516 1357 1538 eo
1384 1516 1463 1539 non

304 1566 354 1598 sit
381 1563 610 1607 probatum:
640 1560 797 1605 quodne
819 1573 977 1596 omnem
998 1565 1178 1597 naturam
1205 1565 1462 1597 conservatri-

303 1634 389 1656 cem
416 1623 474 1656 sui
503 1620 688 1662 dixerint,
709 1632 759 1654 an
790 1619 893 1663 quod
921 1631 1037 1655 omne
1068 1619 1211 1654 animal
1238 1622 1365 1664 ipsum
1390 1620 1462 1656 sibi

303 1679 623 1715 commendatum
653 1683 698 1713 ut
727 1690 768 1713 se
799 1669 976 1713 salvum²
1010 1680 1051 1712 in
1081 1690 1150 1713 suo
1179 1690 1326 1722 genere
1356 1680 1462 1713 inco-

303 1738 488 1781 lumeque
510 1736 644 1780 vellet,
666 1750 715 1771 an
743 1728 878 1780 quod,3
900 1749 989 1771 cum
1011 1738 1185 1771 omnium
1206 1738 1349 1771 artium
1376 1736 1462 1772 finis

304 1799 334 1832 is
355 1800 459 1831 esset
486 1807 603 1840 quem
625 1799 764 1830 natura
783 1797 953 1829 maxime
975 1798 1195 1838 quaereret,
1216 1793 1321 1830 idem
1343 1797 1462 1830 statui

301 1854 447 1891 debere
475 1853 525 1889 de
553 1855 674 1889 totius
701 1857 785 1888 arte
807 1855 923 1896 vitae,
944 1865 993 1887 an
1014 1851 1131 1897 quod,
1153 1865 1242 1888 cum
1263 1865 1310 1888 ex
1330 1855 1461 1887 animo

341 1925 351 1942 ¹
363 1929 395 1956 et
410 1924 564 1955 inserted
582 1923 627 1963 by
647 1923 739 1953 Mdv.

346 1968 358 1987 ²
370 1979 405 1999 se
419 1968 557 1998 salvum
578 1966 778 2002 Lambinus,
800 1965 911 2001 Mdv.;
934 1976 968 1995 se
985 1968 1019 1995 et
1031 1965 1169 1996 salvum
1188 1965 1284 1996 MSS.

345 2011 459 2052 ³quod
473 2010 627 2040 inserted
645 2009 689 2049 by
709 2009 802 2039 Mdv.

408 2065 484 2097 320
