1574 2364
169 1357 219 1396 36

555 144 750 181 CICERO
782 143 856 180 DE
886 143 1106 181 FINIBUS

243 240 392 272 genere
412 226 601 262 manebit.
662 224 752 259 Alia
773 228 834 259 est
861 226 982 268 igitur
1005 219 1177 269 propria¹
1189 225 1412 259 aestimatio

245 292 415 333 virtutis,
431 301 530 333 quae
546 299 709 332 genere,
725 299 803 322 non
824 286 1037 322 crescendo
1057 286 1172 322 valet.

302 342 422 387 “Nec
448 363 539 386 vero
566 349 885 395 perturbationes
911 351 1143 392 animorum,
1164 360 1264 393 quae
1291 350 1410 384 vitam

246 416 518 459 insipientium
562 415 744 448 miseram
789 411 1050 456 acerbamque
1088 410 1263 446 reddunt
1301 402 1413 455 (quas

245 478 388 513 Gracci
418 475 521 518 πάθη
551 474 768 520 appellant,
794 478 972 519 poteram
999 486 1074 518 ego
1098 473 1262 509 verbum
1283 475 1411 518 ipsum

245 543 514 584 interpretans
534 538 690 573 morbos
715 536 928 581 appellare,
955 536 1025 572 sed
1051 548 1131 571 non
1158 534 1408 572 conveniret2

246 602 296 638 ad
320 604 472 644 omnia;
502 603 587 645 quis
617 603 723 636 enim
753 599 1060 635 misericordiam
1089 604 1158 635 aut
1186 601 1310 643 ipsam
1339 601 1412 634 ira-

247 664 430 701 cundiam
451 664 631 700 morbum
653 662 754 698 solet
775 661 932 698 dicere?
958 667 999 697 at
1026 661 1082 697 illi
1110 661 1248 697 dicunt
1274 659 1412 703 πάθος;

247 731 297 764 sit
326 730 448 772 igitur
472 726 730 771 perturbatio,
755 737 855 769 quae
882 727 1042 760 nomine
1066 726 1151 769 ipso
1177 726 1315 759 vitiosa
1343 723 1412 759 de-

248 791 383 826 clarari
416 789 592 831 videtur;
631 801 705 824 nec
745 800 813 823 eae
853 787 1171 832 perturbationes
1210 789 1247 822 vi
1284 786 1414 831 aliqua

246 853 415 889 naturali
437 845 694 895 moventur33
711 863 926 895 omnesque
944 863 1013 885 eae
1030 854 1123 885 sunt
1137 862 1284 894 genere
1301 854 1413 894 quat-

247 922 348 961 tuor,
398 915 574 961 partibus
613 914 757 959 plures,
798 912 1018 958 aegritudo,
1059 912 1239 957 formido,
1277 912 1412 956 libido,

247 991 442 1024 quamque
465 978 585 1015 Stoici
614 979 811 1012 communi
841 979 1000 1011 nomine
1029 977 1199 1020 corporis
1227 980 1268 1011 et
1294 977 1412 1010 animi

246 1042 381 1087 ἡδονήν
401 1040 617 1086 appellant,
639 1052 714 1084 ego
734 1039 838 1074 malo
857 1038 1051 1074 laetitiam
1072 1037 1285 1084 appellare,
1306 1040 1414 1082 quasi

247 1110 456 1153 gestientis
486 1109 606 1142 animi
637 1105 851 1141 elationem
881 1104 1139 1149 voluptariam
1155 1096 1181 1147 z)
1210 1104 1413 1149 perturba-

246 1177 374 1210 tiones
387 1178 521 1209 autem
536 1172 644 1208 nulla
657 1176 820 1207 naturae
836 1173 871 1206 vi
885 1175 1194 1214 commoventur,
1205 1172 1413 1214 omniaque

248 1250 294 1273 ea
327 1241 420 1272 sunt
453 1238 658 1281 opiniones
697 1247 741 1270 ac
780 1233 923 1269 iudicia
960 1233 1152 1275 levitatis3
1187 1235 1319 1277 itaque
1355 1232 1414 1268 his

247 1303 402 1345 sapiens
422 1311 578 1343 semper
597 1298 760 1333 vacabit.

305 1358 374 1394 XI.
421 1348 587 1394 “Omne
626 1361 761 1392 autem
801 1355 906 1401 quod
935 1354 1148 1391 honestum
1178 1357 1228 1390 sit
1257 1354 1297 1390 id
1326 1367 1412 1390 esse

250 1421 411 1463 propter
444 1428 486 1452 se
521 1413 804 1460 expetendum,
840 1426 1048 1449 commune
1084 1413 1196 1448 nobis
1231 1417 1292 1448 est
1325 1425 1412 1448 cum

249 1475 463 1512 multorum
483 1473 646 1509 aliorum
668 1471 987 1518 philosophorum
1010 1473 1229 1507 sententiis.
1255 1471 1414 1506 Praeter

251 1536 355 1570 enim
376 1538 457 1568 tres
485 1531 709 1577 disciplinas
736 1543 836 1575 quae
864 1533 1051 1566 virtutem
1081 1543 1102 1565 a
1132 1541 1283 1564 summo
1314 1529 1414 1564 bono

250 1591 481 1635 excludunt,
522 1592 664 1626 ceteris
703 1589 883 1625 omnibus
923 1587 1166 1633 philosophis
1213 1586 1310 1622 haec
1354 1590 1415 1622 est

251 1649 400 1686 tuenda
421 1651 633 1692 sententia,
654 1651 823 1683 maxime
844 1652 978 1682 tamen
1000 1643 1081 1682 his‘·¹
1096 1649 1162 1694 qui
1190 1644 1288 1681 nihil
1309 1644 1414 1680 aliud

251 1711 290 1744 in
317 1708 507 1743 bonorum
535 1719 700 1742 numero
730 1708 803 1741 nisi
835 1704 1047 1740 honestum
1077 1716 1161 1739 esse
1192 1703 1410 1738 voluerunt.

252 1766 330 1803 Sed
366 1765 463 1801 haec
502 1764 663 1809 quidem
705 1769 766 1800 est
806 1762 1002 1808 perfacilis
1042 1767 1084 1798 et
1122 1761 1308 1806 expedita
1346 1760 1413 1796 de-

252 1824 387 1860 fensio.
449 1822 547 1868 Quis
578 1827 638 1858 est
668 1824 773 1858 enim
805 1826 873 1857 aut
907 1823 992 1865 quis
1024 1832 1209 1864 umquam
1242 1819 1316 1854 fuit
1347 1823 1415 1854 aut

250 1884 412 1919 avaritia
432 1886 513 1917 tam
534 1880 691 1916 ardenti
711 1885 781 1916 aut
801 1884 882 1916 tam
904 1879 1103 1914 effrenatis
1119 1876 1414 1923 cupiditatibus,

289 1947 299 1964 ¹
319 1947 391 1984 (et)
408 1944 576 1986 propria?
594 1943 697 1974 Reid.

290 1989 302 2007 ²
318 1988 506 2019 conveniret
523 1986 623 2021 edd.;
651 1983 822 2016 conveniet
839 1983 938 2013 MSS.

290 2031 303 2049 ³
320 2032 596 2061 nec—moventur
611 2027 710 2058 Mdv.
727 2026 906 2057 brackets.

250 2074 371 2147 Rgigis
384 2073 482 2104 Mdv.
494 2081 501 2109 ;
528 2071 581 2103 his
595 2069 718 2112 Stoicis
731 2069 830 2100 MSS.
842 2076 851 2105 ;
870 2066 994 2099 Stoicis
1008 2065 1238 2108 (miswritten
1248 2063 1394 2108 istoicis)

279 2143 282 2145 “
354 2158 428 2197 254
