1615 2359
229 211 275 243 58

227 589 277 626 59

228 1214 278 1253 60

228 1847 271 1885 61

621 123 819 163 CICERO
850 123 925 163 DE
955 123 1175 164 FINIBUS

310 206 450 252 Neque
467 207 575 243 enim
591 207 727 241 civitas
744 206 784 241 in
800 203 995 242 seditione
1016 205 1133 242 beata
1148 218 1232 242 esse
1254 209 1387 251 potest
1406 218 1480 243 nec

308 272 348 306 in
369 268 563 306 discordia
583 268 833 305 dominorum
853 267 1013 311 domus3
1040 281 1117 314 quo
1137 271 1267 305 minus
1287 272 1440 306 animus
1460 282 1482 305 a

307 346 348 370 se
369 335 452 378 ipse
473 331 667 369 dissidens
684 343 896 377 secumque
910 331 1136 368 discordans
1151 337 1310 377 gustare
1328 337 1480 378 partem

307 395 429 432 ullam
459 394 633 441 liquidae
663 394 878 440 voluptatis
906 398 948 431 et
974 394 1124 431 liberae
1151 400 1295 441 potest.
1357 394 1481 440 Atqui

308 458 577 504 pugnantibus
599 462 641 495 et
668 460 872 494 contrariis
894 457 1034 494 studiis
1055 457 1304 503 consiliisque
1326 470 1480 504 semper

307 527 424 559 utens
467 521 567 558 nihil
607 523 732 566 quieti
772 520 920 565 videre,
953 520 1053 556 nihil
1092 521 1295 566 tranquilli
1333 526 1477 567 potest.

308 584 426 630 Quod
456 587 487 621 si
512 586 682 630 corporis
703 584 945 629 gravioribus
966 583 1111 620 morbis
1132 586 1236 621 vitae
1256 584 1480 621 iucunditas

306 646 535 693 impeditur,
577 651 726 692 quanto
774 648 898 692 magis
946 648 1067 682 animi
1111 646 1257 683 morbis
1298 647 1481 692 impediri

307 723 470 748 necesse
503 710 583 747 est!
641 710 778 746 Animi
810 713 945 746 autem
973 709 1099 746 morbi
1127 714 1219 747 sunt
1243 709 1481 756 cupiditates

306 776 522 811 immensae
540 777 582 810 et
601 775 739 810 inanes
760 772 999 817 divitiarum,
1013 772 1175 818 gloriae,
1189 772 1481 818 dominationis,

306 836 606 873 libidinosarum
627 838 748 872 etiam
769 835 1027 881 voluptatum.
1076 835 1289 872 Accedunt
1308 839 1481 881 aegritu-

308 899 434 945 dines,
455 899 674 944 molestiae,
696 912 905 944 macrores,
927 901 994 944 qui
1015 898 1193 936 exedunt
1219 901 1369 936 animos
1390 913 1481 936 con-

306 963 524 1008 ficiuntque
555 965 656 999 curis
683 962 890 998 hominum
916 974 996 998 non
1024 961 1350 1007 intellegentium
1381 962 1478 998 nihil

307 1026 524 1063 dolendum
541 1038 626 1062 esse
642 1027 773 1061 animo
794 1025 899 1070 quod
919 1028 970 1061 sit
989 1038 1011 1060 a
1027 1024 1161 1062 dolore
1177 1028 1348 1071 corporis
1367 1039 1478 1071 prae-

308 1092 412 1126 senti
432 1088 614 1125 futurove
635 1090 869 1125 seiunctum.
907 1087 992 1124 Nec
1008 1101 1100 1124 vero
1113 1090 1318 1134 quisquam
1334 1089 1478 1126 stultus

307 1166 387 1189 non
419 1152 559 1188 horum
589 1151 815 1188 morborum
846 1151 978 1196 aliquo
1009 1150 1180 1195 laborat3
1210 1164 1328 1188 nemo
1358 1154 1479 1197 igitur

323 1215 468 1253 stultus
482 1207 497 1230 ¹
546 1228 626 1251 non
672 1217 798 1255 miser.
857 1214 1027 1251 Accedit
1066 1217 1187 1251 etiam
1224 1228 1340 1260 mors,
1380 1228 1480 1261 quae

308 1281 418 1325 quasi
445 1291 582 1316 saxum
609 1277 776 1314 Tantalo
801 1290 957 1323 semper
977 1277 1205 1323 impendet3
1233 1282 1321 1315 tum
1347 1291 1481 1324 super-

309 1345 432 1388 stitio,
452 1354 529 1387 qua
562 1343 629 1387 qui
661 1345 722 1378 est
753 1341 928 1377 imbutus
959 1343 1117 1385 quietus
1149 1353 1235 1378 esse
1266 1354 1481 1387 numquam

309 1410 452 1451 potest.
506 1404 717 1441 Praeterea
737 1404 840 1440 bona
860 1406 1077 1449 praeterita
1097 1417 1178 1440 non
1197 1407 1481 1449 meminerunt,

310 1469 584 1515 praesentibus
604 1480 685 1504 non
706 1467 912 1511 fruuntur3
937 1466 1071 1504 futura
1090 1467 1208 1504 modo
1232 1473 1479 1513 exspectant,

310 1545 409 1578 quae
431 1534 521 1577 quia
542 1535 650 1567 certa
670 1543 754 1567 esse
775 1543 855 1566 non
875 1534 1052 1576 possunt,
1069 1529 1330 1567 conficiuntur
1350 1535 1392 1567 et
1411 1544 1479 1567 anr

309 1608 404 1641 gore
425 1600 467 1632 et
485 1599 617 1638 metu3
646 1596 896 1638 maximeque
917 1595 1143 1630 cruciantur
1166 1607 1255 1630 cum
1279 1606 1365 1630 sero
1390 1607 1477 1630 sen·

309 1662 416 1695 tiunt
442 1658 586 1694 frustra
612 1669 653 1694 se
683 1661 752 1693 aut
778 1659 970 1702 pecuniae
992 1656 1187 1693 studuisse
1208 1661 1278 1693 aut
1306 1659 1479 1702 imperiis

307 1727 376 1758 aut
402 1721 541 1767 opibus
567 1724 637 1757 aut
666 1719 825 1765 gloriae.
886 1719 1024 1756 Nullas
1051 1722 1158 1756 enim
1185 1725 1481 1765 consequuntur

307 1784 531 1830 voluptates
562 1796 728 1829 quarum
758 1782 939 1829 potiendi
971 1795 1040 1829 spe
1071 1782 1303 1819 inflammati
1335 1782 1482 1820 multos

308 1846 461 1883 labores
481 1858 726 1891 magnosque
747 1850 1015 1891 susceperant.
1049 1845 1152 1882 Ecce
1172 1850 1308 1882 autem
1328 1845 1392 1881 alii
1408 1848 1480 1882 mi-

306 1913 395 1947 nuti
409 1915 449 1947 et
463 1912 712 1955 angusti‚aut
725 1911 856 1945 omnia
866 1920 1024 1954 semper
1037 1907 1308 1954 desperantes,
1317 1913 1385 1945 aut
1398 1921 1478 1944 ma-

454 2018 607 2053 ¹stultus
623 2020 754 2058 Baiter,
775 2019 914 2057 Mfiller3
938 2021 990 2051 est
1004 2019 1099 2052 Mdv.
1120 2019 1202 2051 with
1221 2018 1323 2051 MSS.

417 2071 465 2110 62
