1533 2349
613 103 808 140 CICERO
841 103 916 139 DE
945 103 1163 143 FINIBUS

304 181 396 220 dem
440 182 652 220 cedentem
690 185 731 219 in
769 182 1030 229 philosophia,
1067 184 1232 223 audeam
1272 186 1468 224 scribere?

307 257 556 304 Quamquam
594 271 616 294 a
654 262 695 294 te
730 260 814 304 ipso
847 258 888 295 id
921 258 1082 304 quidem
1111 260 1211 297 facio
1238 267 1471 307 provocatus

306 335 527 379 gratissimo
553 332 650 368 mihi
670 332 770 368 libro
791 345 909 378 quem
929 333 978 369 ad
997 346 1061 370 me
1081 333 1131 371 de
1150 337 1296 373 virtute
1320 338 1472 372 misisti.

307 408 387 446 Sed
407 421 455 445 ex
477 421 523 444 eo
544 407 661 444 credo
683 407 917 452 quibusdam
932 421 1004 445 usu
1020 412 1154 446 venire
1173 415 1219 447 ut
1238 410 1476 447 abhorream·

306 497 329 520 a
369 482 532 527 Latinis,
567 481 672 527 quod
706 482 920 519 inciderint
952 485 994 519 in
1026 484 1174 521 inculta
1207 485 1400 530 quaedam
1434 490 1476 522 et

308 557 477 603 horrida,
513 557 563 594 de
597 557 709 594 malis
744 557 906 594 Graecis
940 557 1082 595 Latine
1114 561 1259 605 scripta
1286 559 1471 597 deterius.

310 632 462 678 Quibus
483 645 558 677 ego
578 634 783 677 assentior,
805 631 901 668 dum
920 632 1037 668 modo
1057 632 1107 669 de
1127 633 1267 671 iisdem
1286 634 1403 671 rebus
1423 647 1474 671 ne

312 708 482 745 Graecos
509 706 671 753 quidem
697 706 890 752 legendos
917 711 1070 752 putent.
1133 708 1208 745 Res
1234 721 1326 745 vero
1355 709 1476 746 bonas

310 783 438 819 verbis
478 781 616 819 electis
654 784 828 827 graviter
867 786 1084 827 ornateque
1118 782 1242 819 dictas
1276 786 1362 829 quis
1396 796 1475 820 non

310 858 446 904 legat?
486 857 571 894 Nisi
604 859 670 902 qui
702 869 743 893 se
775 856 893 902 plane
922 856 1117 894 Graecum
1145 857 1223 894 dici
1251 858 1360 904 velit,
1381 864 1426 895 ut
1455 872 1477 895 a

258 938 281 976 9
312 932 499 971 Scaevola
534 937 595 969 est
627 936 810 978 praetore
845 931 1035 968 salutatus
1064 931 1235 969 Athenis
1273 932 1474 970 Albucius.

312 1008 443 1055 Quem
470 1007 630 1054 quidem
657 1007 787 1044 locum
814 1019 904 1043 cum
929 1007 1054 1044 multa
1073 1012 1280 1044 venustate
1305 1012 1347 1044 et
1369 1011 1476 1045 omni

312 1084 391 1121 sale
411 1083 518 1120 idem
540 1082 725 1127 Lucilius,
747 1081 852 1128 apud
873 1095 991 1127 quem
1010 1081 1208 1128 praeclare
1229 1081 1435 1120 Scaevola:

362 1178 593 1224 “Graecum
613 1191 668 1231 te,
690 1185 846 1230 Albuci,
868 1198 985 1231 quam
1007 1185 1224 1222 Romanum
1244 1190 1363 1230 atque

503 1257 705 1302 Sabinum,

395 1330 641 1374 Municipem
663 1328 793 1373 Ponti,
813 1328 1006 1372 Tritanni,
1029 1330 1317 1373 centurionum,

400 1400 691 1437 Praeclarorum
734 1398 938 1435 hominum
981 1411 1026 1435 ac
1068 1401 1281 1444 primorum
1319 1399 1480 1445 signife-

501 1483 681 1517 rumque,

397 1542 573 1580 Maluisti
593 1542 690 1586 dici3
722 1541 872 1579 Graece
894 1553 987 1586 ergo
1007 1546 1165 1587 praetor
1183 1540 1369 1587 Athenis,

397 1614 444 1652 Id
463 1613 569 1660 quod
587 1612 773 1659 maluisti,
792 1617 848 1658 te,
869 1625 959 1649 cum
978 1611 1028 1649 ad
1047 1625 1112 1649 me
1132 1612 1298 1658 accedis,
1319 1612 1466 1651 saluto:

395 1676 555 1731 ‘Xai'pe,’
588 1687 763 1730 inquam,
796 1674 945 1720 ‘Titel’
979 1682 1169 1729 Lictores,
1196 1687 1326 1720 ’turma
1352 1687 1479 1721 omnis

502 1756 718 1801 cohorsque
727 1748 740 1772 ¹
753 1768 761 1792 :

394 1818 544 1873 δ’Χαΐρς
581 1826 710 1863 Titel’
745 1826 852 1862 Hine
890 1824 1013 1862 hostis
1051 1827 1105 1862 mi
1144 1825 1346 1870 Albucius,
1385 1825 1478 1861 hinc

500 1897 720 1935 inimicus.''

486 2001 685 2044 'cohorsque
702 2000 895 2038 Manutius,
917 1999 1030 2038 Mdv.;
1055 1999 1252 2041 chorusque,
1274 1999 1376 2032 MSS.

408 2059 456 2091 10
