1574 2364
211 900 259 939 46

598 129 793 166 CICERO
826 130 899 166 DE
930 130 1149 170 FINIBUS

290 209 500 246 honestum
533 211 584 245 sit
614 215 857 255 numeretur,
878 210 985 247 idem
1012 211 1166 248 dicetur
1185 213 1235 248 ab
1255 213 1331 250 illis
1358 227 1454 260 quos

290 288 407 324 modo
450 290 657 324 nominavi.
720 287 820 324 Mihi
861 293 996 325 autem
1043 292 1205 335 aequius
1248 291 1456 328 videbatur

291 366 491 402 Zenonem
519 379 607 402 cum
642 365 854 402 Polemone
882 366 1186 413 disceptantem,
1207 381 1230 404 a
1255 382 1333 414 quo
1354 381 1454 415 quae

291 449 425 481 essent
456 446 645 490 principia
680 449 844 481 naturae
876 450 1097 491 acceperat,
1128 459 1151 482 a
1182 447 1454 484 communibus

289 526 412 560 initiis
444 523 768 568 progredientem
789 523 923 560 videre
956 525 1023 560 ubi
1052 527 1221 570 primum
1254 528 1456 563 insisteret

289 606 332 638 et
351 601 456 638 unde
478 614 591 638 causa
612 604 900 639 controversiae
916 608 1158 648 nasceretur,
1174 617 1266 648 non,
1283 608 1455 641 stantem

290 690 379 713 cum
411 679 456 713 iis
488 679 554 722 qui
586 690 636 713 ne
669 676 851 714 dicerent
881 677 1042 722 quidem
1074 691 1144 714 sua
1174 691 1326 714 summa
1354 679 1456 715 bona

286 764 371 789 esse
393 765 415 787 a
435 756 576 788 natura
596 751 786 797 profecta,
808 754 866 788 uti
888 752 1028 788 iisdem
1048 756 1294 797 argumentis
1315 754 1456 799 quibus

290 826 347 862 illi
368 831 579 863 uterentur
598 825 818 871 iisdemque
840 830 1061 864 sententiis.

343 901 472 939 XVII.
534 891 739 938 “Minime
780 915 871 938 vero
911 901 1009 939 illud
1048 904 1170 948 probo
1209 903 1327 950 quod,
1366 917 1455 941 cum

289 976 477 1013 docuistis
502 981 547 1013 ut
567 977 675 1013 vobis
697 976 887 1013 videmini
915 976 1040 1013 solum
1070 977 1217 1014 bonum
1246 991 1329 1015 esse
1351 978 1454 1023 quod

288 1051 501 1090 honestum
522 1054 585 1096 sit,
607 1056 693 1088 tum
720 1064 874 1087 rursum
901 1051 1031 1088 dicitis
1059 1054 1171 1088 initia
1195 1055 1359 1098 proponi
1387 1066 1454 1089 ne-

290 1140 397 1164 cesse
419 1140 505 1164 esse
526 1131 617 1172 apta
643 1131 684 1162 et
710 1126 1006 1162 accommodata
1033 1131 1198 1163 naturae
1220 1140 1385 1172 quorum
1407 1140 1454 1164 ex

289 1201 505 1238 selectione
526 1204 648 1237 virtus
669 1203 793 1246 possit
813 1204 994 1238 existere.
1052 1202 1142 1238 Non
1163 1204 1269 1238 enirn
1290 1205 1330 1238 in
1355 1201 1454 1239 sele—

289 1280 420 1313 ctione
454 1279 576 1312 virtus
608 1276 793 1321 ponenda
824 1281 921 1321 erat,
945 1281 990 1312 ut
1017 1276 1057 1312 id
1084 1278 1211 1322 ipsum
1239 1276 1343 1322 quod
1372 1282 1456 1313 erat

290 1352 480 1387 bonorum
513 1350 697 1386 ultimum
729 1349 835 1386 aliud
868 1350 1016 1395 aliquid
1050 1353 1281 1396 acquireret.
1354 1351 1454 1387 Nam

291 1428 421 1462 omnia
441 1438 541 1471 quae
562 1425 755 1462 sumenda
783 1438 961 1470 quaeque
990 1424 1163 1470 legenda
1188 1430 1257 1462 aut
1284 1425 1455 1471 optanda

290 1505 382 1536 sunt
402 1502 530 1536 inesse
549 1498 701 1535 debent
722 1501 761 1534 in
782 1512 934 1535 summa
953 1499 1158 1544 bonorum,
1175 1504 1220 1536 ut
1239 1502 1270 1535 is
1287 1502 1352 1544 qui
1369 1513 1454 1536 eam

289 1574 458 1620 adeptus
487 1576 538 1610 sit
567 1573 666 1610 nihil
696 1578 904 1619 praeterea
933 1573 1145 1610 desideret.
1206 1574 1379 1611 Videsne
1411 1579 1456 1611 ut

289 1648 429 1696 quibus
450 1662 601 1686 summa
630 1653 690 1685 est
717 1651 758 1685 in
779 1648 983 1694 voluptate
1011 1651 1262 1694 perspicuum
1290 1651 1341 1686 sit
1361 1649 1453 1695 quid

288 1727 334 1762 iis
355 1724 582 1761 faciendum
603 1727 654 1761 sit
674 1729 742 1761 aut
762 1737 842 1760 non
863 1723 1118 1760 faciendum?
1139 1728 1184 1760 ut
1204 1737 1322 1760 nemo
1342 1723 1453 1760 dubi-

287 1804 350 1836 tet
380 1812 515 1836 eorum
547 1801 679 1836 omnia
706 1799 830 1835 officia
861 1811 939 1843 quo
969 1803 1164 1844 spectare,
1197 1798 1292 1844 quid
1326 1800 1451 1844 sequi,

286 1874 382 1919 quid
412 1874 550 1919 fugere
582 1873 785 1910 debeant?
845 1873 905 1910 Sit
939 1873 1013 1909 hoc
1045 1873 1229 1909 ultimum
1259 1874 1450 1909 bonorum

285 1949 390 1995 quod
419 1961 525 1985 nunc
554 1961 577 1985 a
605 1961 669 1985 me
699 1947 952 1992 defenditur3
981 1953 1148 1993 apparet
1182 1950 1318 1984 statim
1353 1960 1453 1993 quae

284 2026 363 2060 sint
383 2024 518 2068 officia,
536 2035 641 2068 quae·
656 2025 843 2058 actiones.
888 2022 1008 2057 Vobis
1024 2026 1171 2066 autem,
1191 2021 1332 2066 quibus
1352 2021 1451 2057 nihil

395 2081 472 2113 350
