<?xml version="1.0" encoding="UTF-8"?>
<!DOCTYPE html PUBLIC "-//W3C//DTD XHTML 1.0 Transitional//EN"
    "http://www.w3.org/TR/xhtml1/DTD/xhtml1-transitional.dtd">
<html xmlns="http://www.w3.org/1999/xhtml" xml:lang="en" lang="en">
 <head>
  <title>
</title>
<meta http-equiv="Content-Type" content="text/html;charset=utf-8" />
  <meta name='ocr-system' content='tesseract 3.04.00' />
  <meta name='ocr-capabilities' content='ocr_page ocr_carea ocr_par ocr_line ocrx_word'/>
</head>
<body>
  <div class='ocr_page' id='page_1' title='image "./definibusbonorum00cice_0318.png"; bbox 0 0 1574 2364; ppageno 0'>
   <div class='ocr_carea' id='block_1_1' title="bbox 186 386 237 425">
    <p class='ocr_par' dir='ltr' id='par_1_1' title="bbox 186 386 237 425">
     <span class='ocr_line' id='line_1_1' title="bbox 186 386 237 425; baseline -0.02 0"><span class='ocrx_word' id='word_1_1' title='bbox 186 386 237 425; x_wconf 77' lang='lat'>66</span> 
     </span>
    </p>
   </div>
   <div class='ocr_carea' id='block_1_2' title="bbox 190 1589 237 1628">
    <p class='ocr_par' dir='ltr' id='par_1_2' title="bbox 190 1589 237 1628">
     <span class='ocr_line' id='line_1_2' title="bbox 190 1589 237 1628; baseline 0 0"><span class='ocrx_word' id='word_1_2' title='bbox 190 1589 237 1628; x_wconf 86' lang='lat'>67</span> 
     </span>
    </p>
   </div>
   <div class='ocr_carea' id='block_1_3' title="bbox 574 175 1126 213">
    <p class='ocr_par' dir='ltr' id='par_1_3' title="bbox 574 175 1126 213">
     <span class='ocr_line' id='line_1_3' title="bbox 574 175 1126 213; baseline 0.002 -1"><span class='ocrx_word' id='word_1_3' title='bbox 574 176 768 213; x_wconf 86' lang='lat' dir='ltr'><strong>CICERO</strong></span> <span class='ocrx_word' id='word_1_4' title='bbox 801 176 874 212; x_wconf 87' lang='lat' dir='ltr'>DE</span> <span class='ocrx_word' id='word_1_5' title='bbox 907 175 1126 213; x_wconf 78' lang='lat' dir='ltr'>FINIBUS</span> 
     </span>
    </p>
   </div>
   <div class='ocr_carea' id='block_1_4' title="bbox 267 255 1437 1698">
    <p class='ocr_par' dir='ltr' id='par_1_4' title="bbox 267 255 1437 1698">
     <span class='ocr_line' id='line_1_4' title="bbox 267 255 1430 301; baseline -0.003 -7"><span class='ocrx_word' id='word_1_6' title='bbox 267 262 389 294; x_wconf 87' lang='lat' dir='ltr'>natos.</span> <span class='ocrx_word' id='word_1_7' title='bbox 438 255 684 301; x_wconf 87' lang='lat' dir='ltr'>Impellimur</span> <span class='ocrx_word' id='word_1_8' title='bbox 699 260 833 292; x_wconf 84' lang='lat' dir='ltr'>autern</span> <span class='ocrx_word' id='word_1_9' title='bbox 849 260 989 291; x_wconf 84' lang='lat' dir='ltr'>natura</span> <span class='ocrx_word' id='word_1_10' title='bbox 1004 260 1050 292; x_wconf 92' lang='lat' dir='ltr'>ut</span> <span class='ocrx_word' id='word_1_11' title='bbox 1065 255 1250 301; x_wconf 78' lang='lat' dir='ltr'><strong>prodesse</strong></span> <span class='ocrx_word' id='word_1_12' title='bbox 1268 255 1430 292; x_wconf 89' lang='lat' dir='ltr'>velimus</span> 
     </span>
     <span class='ocr_line' id='line_1_5' title="bbox 267 318 1431 366; baseline -0.002 -9"><span class='ocrx_word' id='word_1_13' title='bbox 267 334 383 366; x_wconf 90' lang='lat' dir='ltr'>quam</span> <span class='ocrx_word' id='word_1_14' title='bbox 411 320 588 365; x_wconf 80' lang='lat' dir='ltr'>plurimis</span> <span class='ocrx_word' id='word_1_15' title='bbox 619 322 657 355; x_wconf 92' lang='lat' dir='ltr'>in</span> <span class='ocrx_word' id='word_1_16' title='bbox 689 322 903 364; x_wconf 82' lang='lat' dir='ltr'><strong>primisque</strong></span> <span class='ocrx_word' id='word_1_17' title='bbox 932 318 1112 356; x_wconf 91' lang='lat' dir='ltr'>docendo</span> <span class='ocrx_word' id='word_1_18' title='bbox 1137 319 1431 364; x_wconf 79' lang='lat' dir='ltr'>rationibusque</span> 
     </span>
     <span class='ocr_line' id='line_1_6' title="bbox 267 385 1432 433; baseline -0.001 -10"><span class='ocrx_word' id='word_1_19' title='bbox 267 387 501 433; x_wconf 78' lang='lat' dir='ltr'>prudentiae</span> <span class='ocrx_word' id='word_1_20' title='bbox 522 385 735 423; x_wconf 76' lang='lat' dir='ltr'>tradendis.</span> <span class='ocrx_word' id='word_1_21' title='bbox 784 385 923 431; x_wconf 86' lang='lat' dir='ltr'>Itaque</span> <span class='ocrx_word' id='word_1_22' title='bbox 944 399 1023 422; x_wconf 90' lang='lat' dir='ltr'>non</span> <span class='ocrx_word' id='word_1_23' title='bbox 1044 385 1157 422; x_wconf 89' lang='lat' dir='ltr'>facile</span> <span class='ocrx_word' id='word_1_24' title='bbox 1179 390 1239 422; x_wconf 88' lang='lat' dir='ltr'>est</span> <span class='ocrx_word' id='word_1_25' title='bbox 1255 388 1432 422; x_wconf 81' lang='lat' dir='ltr'>invenire</span> 
     </span>
     <span class='ocr_line' id='line_1_7' title="bbox 268 452 1432 499; baseline 0 -9"><span class='ocrx_word' id='word_1_26' title='bbox 268 457 334 499; x_wconf 87' lang='lat' dir='ltr'>qui</span> <span class='ocrx_word' id='word_1_27' title='bbox 356 453 459 499; x_wconf 87' lang='lat' dir='ltr'>quod</span> <span class='ocrx_word' id='word_1_28' title='bbox 481 456 578 489; x_wconf 82' lang='lat' dir='ltr'>sciat</span> <span class='ocrx_word' id='word_1_29' title='bbox 599 455 681 498; x_wconf 90' lang='lat' dir='ltr'>ipse</span> <span class='ocrx_word' id='word_1_30' title='bbox 703 465 782 489; x_wconf 92' lang='lat' dir='ltr'>non</span> <span class='ocrx_word' id='word_1_31' title='bbox 803 452 935 490; x_wconf 87' lang='lat' dir='ltr'>tradat</span> <span class='ocrx_word' id='word_1_32' title='bbox 954 452 1094 496; x_wconf 89' lang='lat' dir='ltr'>alteri;</span> <span class='ocrx_word' id='word_1_33' title='bbox 1125 455 1179 489; x_wconf 88' lang='lat' dir='ltr'>ita</span> <span class='ocrx_word' id='word_1_34' title='bbox 1203 466 1282 489; x_wconf 90' lang='lat' dir='ltr'>non</span> <span class='ocrx_word' id='word_1_35' title='bbox 1307 453 1432 490; x_wconf 85' lang='lat' dir='ltr'>solum</span> 
     </span>
     <span class='ocr_line' id='line_1_8' title="bbox 268 521 1432 567; baseline 0 -8"><span class='ocrx_word' id='word_1_36' title='bbox 268 523 317 559; x_wconf 91' lang='lat' dir='ltr'>ad</span> <span class='ocrx_word' id='word_1_37' title='bbox 338 521 571 559; x_wconf 87' lang='lat' dir='ltr'>discendum</span> <span class='ocrx_word' id='word_1_38' title='bbox 588 524 771 567; x_wconf 84' lang='lat' dir='ltr'>propensi</span> <span class='ocrx_word' id='word_1_39' title='bbox 788 534 920 558; x_wconf 89' lang='lat' dir='ltr'>sumus</span> <span class='ocrx_word' id='word_1_40' title='bbox 936 534 1072 558; x_wconf 80' lang='lat' dir='ltr'>verum</span> <span class='ocrx_word' id='word_1_41' title='bbox 1087 524 1207 559; x_wconf 87' lang='lat' dir='ltr'>etiam</span> <span class='ocrx_word' id='word_1_42' title='bbox 1222 521 1271 558; x_wconf 91' lang='lat' dir='ltr'>ad</span> <span class='ocrx_word' id='word_1_43' title='bbox 1288 521 1432 559; x_wconf 90' lang='lat' dir='ltr'>docen-</span> 
     </span>
     <span class='ocr_line' id='line_1_9' title="bbox 269 588 1431 634; baseline 0.001 -9"><span class='ocrx_word' id='word_1_44' title='bbox 269 590 373 626; x_wconf 87' lang='lat' dir='ltr'>dum.</span> <span class='ocrx_word' id='word_1_45' title='bbox 435 589 568 633; x_wconf 80' lang='lat' dir='ltr'>Atque</span> <span class='ocrx_word' id='word_1_46' title='bbox 591 594 636 625; x_wconf 93' lang='lat' dir='ltr'>ut</span> <span class='ocrx_word' id='word_1_47' title='bbox 659 591 780 625; x_wconf 85' lang='lat' dir='ltr'>tauris</span> <span class='ocrx_word' id='word_1_48' title='bbox 805 593 945 624; x_wconf 86' lang='lat' dir='ltr'>natura</span> <span class='ocrx_word' id='word_1_49' title='bbox 969 588 1107 625; x_wconf 78' lang='lat' dir='ltr'>datum</span> <span class='ocrx_word' id='word_1_50' title='bbox 1131 593 1193 625; x_wconf 90' lang='lat' dir='ltr'>est</span> <span class='ocrx_word' id='word_1_51' title='bbox 1216 594 1261 625; x_wconf 86' lang='lat' dir='ltr'>ut</span> <span class='ocrx_word' id='word_1_52' title='bbox 1285 602 1354 634; x_wconf 91' lang='lat' dir='ltr'>pro</span> <span class='ocrx_word' id='word_1_53' title='bbox 1378 592 1431 626; x_wconf 86' lang='lat' dir='ltr'>vi-</span> 
     </span>
     <span class='ocr_line' id='line_1_10' title="bbox 269 655 1432 701; baseline 0 -9"><span class='ocrx_word' id='word_1_54' title='bbox 269 657 362 693; x_wconf 88' lang='lat' dir='ltr'>tulis</span> <span class='ocrx_word' id='word_1_55' title='bbox 383 660 519 691; x_wconf 87' lang='lat' dir='ltr'>contra</span> <span class='ocrx_word' id='word_1_56' title='bbox 539 655 674 692; x_wconf 90' lang='lat' dir='ltr'>leones</span> <span class='ocrx_word' id='word_1_57' title='bbox 694 668 846 691; x_wconf 87' lang='lat' dir='ltr'>summa</span> <span class='ocrx_word' id='word_1_58' title='bbox 865 657 901 691; x_wconf 92' lang='lat' dir='ltr'>vi</span> <span class='ocrx_word' id='word_1_59' title='bbox 922 658 1153 701; x_wconf 83' lang='lat' dir='ltr'>impetuque</span> <span class='ocrx_word' id='word_1_60' title='bbox 1174 656 1432 701; x_wconf 83' lang='lat' dir='ltr'>contendant,</span> 
     </span>
     <span class='ocr_line' id='line_1_11' title="bbox 269 721 1431 768; baseline -0.001 -8"><span class='ocrx_word' id='word_1_61' title='bbox 269 727 323 761; x_wconf 87' lang='lat' dir='ltr'>sic</span> <span class='ocrx_word' id='word_1_62' title='bbox 344 726 369 759; x_wconf 94' lang='lat' dir='ltr'>ii</span> <span class='ocrx_word' id='word_1_63' title='bbox 390 725 455 768; x_wconf 90' lang='lat' dir='ltr'>qui</span> <span class='ocrx_word' id='word_1_64' title='bbox 478 722 611 758; x_wconf 79' lang='lat' dir='ltr'>valent</span> <span class='ocrx_word' id='word_1_65' title='bbox 631 722 769 767; x_wconf 91' lang='lat' dir='ltr'>opibus</span> <span class='ocrx_word' id='word_1_66' title='bbox 789 727 908 767; x_wconf 89' lang='lat' dir='ltr'>atque</span> <span class='ocrx_word' id='word_1_67' title='bbox 929 721 969 758; x_wconf 90' lang='lat' dir='ltr'>id</span> <span class='ocrx_word' id='word_1_68' title='bbox 985 722 1114 759; x_wconf 86' lang='lat' dir='ltr'>facere</span> <span class='ocrx_word' id='word_1_69' title='bbox 1130 728 1307 768; x_wconf 84' lang='lat' dir='ltr'>possunt,</span> <span class='ocrx_word' id='word_1_70' title='bbox 1323 728 1367 760; x_wconf 91' lang='lat' dir='ltr'>ut</span> <span class='ocrx_word' id='word_1_71' title='bbox 1382 723 1431 760; x_wconf 91' lang='lat' dir='ltr'>de</span> 
     </span>
     <span class='ocr_line' id='line_1_12' title="bbox 273 788 1433 835; baseline 0.001 -9"><span class='ocrx_word' id='word_1_72' title='bbox 273 789 446 826; x_wconf 79' lang='lat' dir='ltr'>Hercule</span> <span class='ocrx_word' id='word_1_73' title='bbox 464 794 505 825; x_wconf 87' lang='lat' dir='ltr'>et</span> <span class='ocrx_word' id='word_1_74' title='bbox 521 788 570 825; x_wconf 91' lang='lat' dir='ltr'>de</span> <span class='ocrx_word' id='word_1_75' title='bbox 588 788 731 825; x_wconf 89' lang='lat' dir='ltr'>Libero</span> <span class='ocrx_word' id='word_1_76' title='bbox 747 791 982 834; x_wconf 89' lang='lat' dir='ltr'>accepimus,</span> <span class='ocrx_word' id='word_1_77' title='bbox 995 788 1044 825; x_wconf 85' lang='lat' dir='ltr'>ad</span> <span class='ocrx_word' id='word_1_78' title='bbox 1057 789 1292 825; x_wconf 86' lang='lat' dir='ltr'>servandum</span> <span class='ocrx_word' id='word_1_79' title='bbox 1307 803 1433 835; x_wconf 87' lang='lat' dir='ltr'>genus</span> 
     </span>
     <span class='ocr_line' id='line_1_13' title="bbox 270 855 1433 900; baseline 0 -7"><span class='ocrx_word' id='word_1_80' title='bbox 270 857 473 893; x_wconf 88' lang='lat' dir='ltr'>hominum</span> <span class='ocrx_word' id='word_1_81' title='bbox 508 860 647 891; x_wconf 85' lang='lat' dir='ltr'>natura</span> <span class='ocrx_word' id='word_1_82' title='bbox 681 857 907 891; x_wconf 85' lang='lat' dir='ltr'>incitantur.</span> <span class='ocrx_word' id='word_1_83' title='bbox 967 855 1101 900; x_wconf 86' lang='lat' dir='ltr'>Atque</span> <span class='ocrx_word' id='word_1_84' title='bbox 1140 858 1260 892; x_wconf 85' lang='lat' dir='ltr'>etiam</span> <span class='ocrx_word' id='word_1_85' title='bbox 1300 856 1433 893; x_wconf 85' lang='lat' dir='ltr'>Iovem</span> 
     </span>
     <span class='ocr_line' id='line_1_14' title="bbox 271 921 1433 967; baseline 0 -8"><span class='ocrx_word' id='word_1_86' title='bbox 271 937 358 960; x_wconf 87' lang='lat' dir='ltr'>cum</span> <span class='ocrx_word' id='word_1_87' title='bbox 376 922 582 967; x_wconf 88' lang='lat' dir='ltr'>Optimum</span> <span class='ocrx_word' id='word_1_88' title='bbox 600 926 641 957; x_wconf 86' lang='lat' dir='ltr'>et</span> <span class='ocrx_word' id='word_1_89' title='bbox 663 922 880 957; x_wconf 81' lang='lat' dir='ltr'>Maximum</span> <span class='ocrx_word' id='word_1_90' title='bbox 896 921 1061 957; x_wconf 88' lang='lat' dir='ltr'>dicimus</span> <span class='ocrx_word' id='word_1_91' title='bbox 1077 935 1245 967; x_wconf 89' lang='lat' dir='ltr'>cumque</span> <span class='ocrx_word' id='word_1_92' title='bbox 1262 923 1433 960; x_wconf 87' lang='lat' dir='ltr'>eundem</span> 
     </span>
     <span class='ocr_line' id='line_1_15' title="bbox 271 987 1435 1034; baseline -0.001 -8"><span class='ocrx_word' id='word_1_93' title='bbox 271 990 504 1033; x_wconf 78' lang='lat' dir='ltr'>Salutarem,</span> <span class='ocrx_word' id='word_1_94' title='bbox 524 987 786 1033; x_wconf 73' lang='lat' dir='ltr'>Hospitalem,</span> <span class='ocrx_word' id='word_1_95' title='bbox 805 987 1015 1032; x_wconf 84' lang='lat' dir='ltr'>Statorem,</span> <span class='ocrx_word' id='word_1_96' title='bbox 1032 987 1106 1024; x_wconf 91' lang='lat' dir='ltr'>hoc</span> <span class='ocrx_word' id='word_1_97' title='bbox 1126 988 1306 1034; x_wconf 86' lang='lat' dir='ltr'>intellegi</span> <span class='ocrx_word' id='word_1_98' title='bbox 1329 989 1435 1025; x_wconf 80' lang='lat' dir='ltr'>volu-</span> 
     </span>
     <span class='ocr_line' id='line_1_16' title="bbox 270 1054 1436 1101; baseline -0.001 -8"><span class='ocrx_word' id='word_1_99' title='bbox 270 1069 370 1101; x_wconf 91' lang='lat' dir='ltr'>mus,</span> <span class='ocrx_word' id='word_1_100' title='bbox 391 1055 558 1091; x_wconf 83' lang='lat' dir='ltr'>salutem</span> <span class='ocrx_word' id='word_1_101' title='bbox 580 1054 784 1090; x_wconf 90' lang='lat' dir='ltr'>hominum</span> <span class='ocrx_word' id='word_1_102' title='bbox 805 1056 845 1089; x_wconf 91' lang='lat' dir='ltr'>in</span> <span class='ocrx_word' id='word_1_103' title='bbox 867 1056 948 1090; x_wconf 90' lang='lat' dir='ltr'>eius</span> <span class='ocrx_word' id='word_1_104' title='bbox 971 1067 1055 1091; x_wconf 88' lang='lat' dir='ltr'>esse</span> <span class='ocrx_word' id='word_1_105' title='bbox 1080 1054 1217 1091; x_wconf 86' lang='lat' dir='ltr'>tutela.</span> <span class='ocrx_word' id='word_1_106' title='bbox 1270 1055 1436 1092; x_wconf 88' lang='lat' dir='ltr'>Minime</span> 
     </span>
     <span class='ocr_line' id='line_1_17' title="bbox 270 1120 1436 1166; baseline -0.001 -6"><span class='ocrx_word' id='word_1_107' title='bbox 270 1128 404 1159; x_wconf 86' lang='lat' dir='ltr'>autem</span> <span class='ocrx_word' id='word_1_108' title='bbox 425 1123 623 1164; x_wconf 80' lang='lat' dir='ltr'>convenit,</span> <span class='ocrx_word' id='word_1_109' title='bbox 646 1133 735 1156; x_wconf 89' lang='lat' dir='ltr'>cum</span> <span class='ocrx_word' id='word_1_110' title='bbox 756 1122 829 1165; x_wconf 88' lang='lat' dir='ltr'>ipsi</span> <span class='ocrx_word' id='word_1_111' title='bbox 850 1122 955 1156; x_wconf 87' lang='lat' dir='ltr'>inter</span> <span class='ocrx_word' id='word_1_112' title='bbox 974 1133 1044 1157; x_wconf 92' lang='lat' dir='ltr'>nos</span> <span class='ocrx_word' id='word_1_113' title='bbox 1066 1120 1161 1157; x_wconf 85' lang='lat' dir='ltr'>viles</span> <span class='ocrx_word' id='word_1_114' title='bbox 1182 1121 1436 1166; x_wconf 85' lang='lat' dir='ltr'>neglectique</span> 
     </span>
     <span class='ocr_line' id='line_1_18' title="bbox 271 1186 1437 1233; baseline -0.001 -8"><span class='ocrx_word' id='word_1_115' title='bbox 271 1193 403 1233; x_wconf 85' lang='lat' dir='ltr'>simus,</span> <span class='ocrx_word' id='word_1_116' title='bbox 420 1187 617 1233; x_wconf 88' lang='lat' dir='ltr'>postulare</span> <span class='ocrx_word' id='word_1_117' title='bbox 641 1192 683 1223; x_wconf 89' lang='lat' dir='ltr'>ut</span> <span class='ocrx_word' id='word_1_118' title='bbox 704 1186 763 1223; x_wconf 90' lang='lat' dir='ltr'>dis</span> <span class='ocrx_word' id='word_1_119' title='bbox 784 1187 1069 1223; x_wconf 84' lang='lat' dir='ltr'>immortalibus</span> <span class='ocrx_word' id='word_1_120' title='bbox 1090 1190 1167 1223; x_wconf 88' lang='lat' dir='ltr'>cari</span> <span class='ocrx_word' id='word_1_121' title='bbox 1187 1190 1306 1224; x_wconf 89' lang='lat' dir='ltr'>simus</span> <span class='ocrx_word' id='word_1_122' title='bbox 1327 1193 1368 1224; x_wconf 92' lang='lat' dir='ltr'>et</span> <span class='ocrx_word' id='word_1_123' title='bbox 1387 1189 1437 1224; x_wconf 86' lang='lat' dir='ltr'>ab</span> 
     </span>
     <span class='ocr_line' id='line_1_19' title="bbox 271 1253 1435 1300; baseline -0.002 -7"><span class='ocrx_word' id='word_1_124' title='bbox 271 1260 316 1293; x_wconf 91' lang='lat' dir='ltr'>iis</span> <span class='ocrx_word' id='word_1_125' title='bbox 343 1255 562 1300; x_wconf 79' lang='lat' dir='ltr'>diligamur.</span> <span class='ocrx_word' id='word_1_126' title='bbox 623 1253 969 1299; x_wconf 85' lang='lat' dir='ltr'>Quemadmodum</span> <span class='ocrx_word' id='word_1_127' title='bbox 996 1256 1117 1299; x_wconf 88' lang='lat' dir='ltr'>igitur</span> <span class='ocrx_word' id='word_1_128' title='bbox 1143 1255 1329 1291; x_wconf 87' lang='lat' dir='ltr'>membris</span> <span class='ocrx_word' id='word_1_129' title='bbox 1359 1258 1435 1291; x_wconf 89' lang='lat' dir='ltr'>uti-</span> 
     </span>
     <span class='ocr_line' id='line_1_20' title="bbox 270 1319 1435 1367; baseline -0.002 -8"><span class='ocrx_word' id='word_1_130' title='bbox 270 1336 358 1359; x_wconf 89' lang='lat' dir='ltr'>mur</span> <span class='ocrx_word' id='word_1_131' title='bbox 386 1324 492 1367; x_wconf 91' lang='lat' dir='ltr'>prius</span> <span class='ocrx_word' id='word_1_132' title='bbox 522 1334 638 1365; x_wconf 85' lang='lat' dir='ltr'>quam</span> <span class='ocrx_word' id='word_1_133' title='bbox 667 1319 875 1356; x_wconf 90' lang='lat' dir='ltr'>didicimus</span> <span class='ocrx_word' id='word_1_134' title='bbox 903 1322 1012 1356; x_wconf 88' lang='lat' dir='ltr'>cuius</span> <span class='ocrx_word' id='word_1_135' title='bbox 1039 1333 1085 1357; x_wconf 85' lang='lat' dir='ltr'>ea</span> <span class='ocrx_word' id='word_1_136' title='bbox 1111 1320 1294 1357; x_wconf 81' lang='lat' dir='ltr'>utilitatis</span> <span class='ocrx_word' id='word_1_137' title='bbox 1321 1334 1435 1358; x_wconf 84' lang='lat' dir='ltr'>causa</span> 
     </span>
     <span class='ocr_line' id='line_1_21' title="bbox 272 1385 1434 1431; baseline -0.003 -6"><span class='ocrx_word' id='word_1_138' title='bbox 272 1389 498 1431; x_wconf 84' lang='lat' dir='ltr'>habeamus,</span> <span class='ocrx_word' id='word_1_139' title='bbox 520 1389 573 1422; x_wconf 89' lang='lat' dir='ltr'>sic</span> <span class='ocrx_word' id='word_1_140' title='bbox 594 1388 699 1421; x_wconf 83' lang='lat' dir='ltr'>inter</span> <span class='ocrx_word' id='word_1_141' title='bbox 719 1398 788 1421; x_wconf 89' lang='lat' dir='ltr'>nos</span> <span class='ocrx_word' id='word_1_142' title='bbox 809 1390 948 1421; x_wconf 87' lang='lat' dir='ltr'>natura</span> <span class='ocrx_word' id='word_1_143' title='bbox 969 1385 1019 1421; x_wconf 86' lang='lat' dir='ltr'>ad</span> <span class='ocrx_word' id='word_1_144' title='bbox 1040 1386 1194 1422; x_wconf 86' lang='lat' dir='ltr'>civilem</span> <span class='ocrx_word' id='word_1_145' title='bbox 1218 1389 1434 1422; x_wconf 86' lang='lat' dir='ltr'>communi-</span> 
     </span>
     <span class='ocr_line' id='line_1_22' title="bbox 271 1452 1435 1497; baseline -0.001 -6"><span class='ocrx_word' id='word_1_146' title='bbox 271 1461 397 1492; x_wconf 84' lang='lat' dir='ltr'>tatem</span> <span class='ocrx_word' id='word_1_147' title='bbox 417 1455 617 1489; x_wconf 90' lang='lat' dir='ltr'>coniuncti</span> <span class='ocrx_word' id='word_1_148' title='bbox 638 1457 679 1488; x_wconf 90' lang='lat' dir='ltr'>et</span> <span class='ocrx_word' id='word_1_149' title='bbox 700 1454 910 1488; x_wconf 87' lang='lat' dir='ltr'>consociati</span> <span class='ocrx_word' id='word_1_150' title='bbox 931 1465 1073 1488; x_wconf 87' lang='lat' dir='ltr'>sumus.</span> <span class='ocrx_word' id='word_1_151' title='bbox 1135 1452 1251 1497; x_wconf 78' lang='lat' dir='ltr'>Quod</span> <span class='ocrx_word' id='word_1_152' title='bbox 1268 1455 1308 1488; x_wconf 91' lang='lat' dir='ltr'>ni</span> <span class='ocrx_word' id='word_1_153' title='bbox 1324 1455 1378 1489; x_wconf 83' lang='lat' dir='ltr'>ita</span> <span class='ocrx_word' id='word_1_154' title='bbox 1395 1466 1435 1490; x_wconf 87' lang='lat' dir='ltr'>se</span> 
     </span>
     <span class='ocr_line' id='line_1_23' title="bbox 270 1518 1406 1565; baseline -0.003 -7"><span class='ocrx_word' id='word_1_155' title='bbox 270 1523 449 1565; x_wconf 86' lang='lat' dir='ltr'>haberet,</span> <span class='ocrx_word' id='word_1_156' title='bbox 470 1533 543 1556; x_wconf 89' lang='lat' dir='ltr'>nec</span> <span class='ocrx_word' id='word_1_157' title='bbox 564 1521 736 1555; x_wconf 85' lang='lat' dir='ltr'>iustitiae</span> <span class='ocrx_word' id='word_1_158' title='bbox 758 1518 859 1555; x_wconf 88' lang='lat' dir='ltr'>ullus</span> <span class='ocrx_word' id='word_1_159' title='bbox 881 1523 985 1555; x_wconf 84' lang='lat' dir='ltr'>esset</span> <span class='ocrx_word' id='word_1_160' title='bbox 1005 1531 1079 1555; x_wconf 90' lang='lat' dir='ltr'>nec</span> <span class='ocrx_word' id='word_1_161' title='bbox 1100 1519 1268 1555; x_wconf 88' lang='lat' dir='ltr'>bonitati</span> <span class='ocrx_word' id='word_1_162' title='bbox 1289 1519 1406 1556; x_wconf 89' lang='lat' dir='ltr'>locus.</span> 
     </span>
     <span class='ocr_line' id='line_1_24' title="bbox 325 1580 1436 1631; baseline -0.003 -6"><span class='ocrx_word' id='word_1_163' title='bbox 325 1580 350 1595; x_wconf 73' lang='lat'><em>“</em></span> <span class='ocrx_word' id='word_1_164' title='bbox 364 1580 465 1625; x_wconf 87' lang='lat' dir='ltr'>Sedl</span> <span class='ocrx_word' id='word_1_165' title='bbox 505 1585 702 1631; x_wconf 90' lang='lat' dir='ltr'>quomodo</span> <span class='ocrx_word' id='word_1_166' title='bbox 741 1585 944 1621; x_wconf 89' lang='lat' dir='ltr'>hominum</span> <span class='ocrx_word' id='word_1_167' title='bbox 983 1587 1088 1622; x_wconf 92' lang='lat' dir='ltr'>inter</span> <span class='ocrx_word' id='word_1_168' title='bbox 1126 1584 1305 1622; x_wconf 87' lang='lat' dir='ltr'>homines</span> <span class='ocrx_word' id='word_1_169' title='bbox 1343 1588 1436 1622; x_wconf 86' lang='lat' dir='ltr'>iuris</span> 
     </span>
     <span class='ocr_line' id='line_1_25' title="bbox 271 1650 1434 1698; baseline -0.004 -5"><span class='ocrx_word' id='word_1_170' title='bbox 271 1668 355 1693; x_wconf 90' lang='lat' dir='ltr'>esse</span> <span class='ocrx_word' id='word_1_171' title='bbox 376 1653 532 1689; x_wconf 85' lang='lat' dir='ltr'>vincula</span> <span class='ocrx_word' id='word_1_172' title='bbox 552 1656 708 1698; x_wconf 87' lang='lat' dir='ltr'>putant,</span> <span class='ocrx_word' id='word_1_173' title='bbox 730 1654 784 1688; x_wconf 91' lang='lat' dir='ltr'>sic</span> <span class='ocrx_word' id='word_1_174' title='bbox 812 1650 961 1687; x_wconf 89' lang='lat' dir='ltr'>homini</span> <span class='ocrx_word' id='word_1_175' title='bbox 988 1651 1088 1687; x_wconf 93' lang='lat' dir='ltr'>nihil</span> <span class='ocrx_word' id='word_1_176' title='bbox 1115 1653 1207 1687; x_wconf 93' lang='lat' dir='ltr'>iuris</span> <span class='ocrx_word' id='word_1_177' title='bbox 1234 1664 1318 1687; x_wconf 90' lang='lat' dir='ltr'>esse</span> <span class='ocrx_word' id='word_1_178' title='bbox 1346 1664 1434 1688; x_wconf 89' lang='lat' dir='ltr'>cum</span> 
     </span>
    </p>
   </div>
   <div class='ocr_carea' id='block_1_5' title="bbox 270 1717 1439 2013">
    <p class='ocr_par' dir='ltr' id='par_1_5' title="bbox 270 1717 1439 2013">
     <span class='ocr_line' id='line_1_26' title="bbox 271 1717 1436 1763; baseline -0.004 -5"><span class='ocrx_word' id='word_1_179' title='bbox 271 1723 417 1759; x_wconf 88' lang='lat' dir='ltr'>bestiis.</span> <span class='ocrx_word' id='word_1_180' title='bbox 480 1719 681 1755; x_wconf 85' lang='lat' dir='ltr'>Praeclare</span> <span class='ocrx_word' id='word_1_181' title='bbox 703 1720 808 1754; x_wconf 89' lang='lat' dir='ltr'>enim</span> <span class='ocrx_word' id='word_1_182' title='bbox 830 1717 1070 1763; x_wconf 78' lang='lat' dir='ltr'>Chrysippus</span> <span class='ocrx_word' id='word_1_183' title='bbox 1091 1722 1223 1754; x_wconf 88' lang='lat' dir='ltr'>cetera</span> <span class='ocrx_word' id='word_1_184' title='bbox 1243 1722 1336 1754; x_wconf 87' lang='lat' dir='ltr'>nata</span> <span class='ocrx_word' id='word_1_185' title='bbox 1352 1730 1436 1754; x_wconf 87' lang='lat' dir='ltr'>esse</span> 
     </span>
     <span class='ocr_line' id='line_1_27' title="bbox 270 1781 1438 1825; baseline -0.005 -4"><span class='ocrx_word' id='word_1_186' title='bbox 270 1785 475 1821; x_wconf 89' lang='lat' dir='ltr'>hominum</span> <span class='ocrx_word' id='word_1_187' title='bbox 489 1795 603 1818; x_wconf 87' lang='lat' dir='ltr'>causa</span> <span class='ocrx_word' id='word_1_188' title='bbox 616 1786 658 1818; x_wconf 86' lang='lat' dir='ltr'>et</span> <span class='ocrx_word' id='word_1_189' title='bbox 671 1781 847 1825; x_wconf 83' lang='lat' dir='ltr'>deorum,</span> <span class='ocrx_word' id='word_1_190' title='bbox 862 1793 928 1817; x_wconf 90' lang='lat' dir='ltr'>eos</span> <span class='ocrx_word' id='word_1_191' title='bbox 941 1786 1076 1817; x_wconf 87' lang='lat' dir='ltr'>autem</span> <span class='ocrx_word' id='word_1_192' title='bbox 1090 1783 1382 1816; x_wconf 82' lang='lat' dir='ltr'>communitatis</span> <span class='ocrx_word' id='word_1_193' title='bbox 1397 1784 1438 1816; x_wconf 89' lang='lat' dir='ltr'>et</span> 
     </span>
     <span class='ocr_line' id='line_1_28' title="bbox 271 1842 1436 1889; baseline -0.005 -4"><span class='ocrx_word' id='word_1_194' title='bbox 271 1849 470 1886; x_wconf 88' lang='lat' dir='ltr'>societatis</span> <span class='ocrx_word' id='word_1_195' title='bbox 492 1857 598 1889; x_wconf 84' lang='lat' dir='ltr'>suae,</span> <span class='ocrx_word' id='word_1_196' title='bbox 619 1849 663 1880; x_wconf 90' lang='lat' dir='ltr'>ut</span> <span class='ocrx_word' id='word_1_197' title='bbox 690 1844 827 1879; x_wconf 85' lang='lat' dir='ltr'>bestiis</span> <span class='ocrx_word' id='word_1_198' title='bbox 855 1843 1033 1880; x_wconf 88' lang='lat' dir='ltr'>homines</span> <span class='ocrx_word' id='word_1_199' title='bbox 1061 1845 1119 1879; x_wconf 92' lang='lat' dir='ltr'>uti</span> <span class='ocrx_word' id='word_1_200' title='bbox 1146 1843 1195 1879; x_wconf 88' lang='lat' dir='ltr'>ad</span> <span class='ocrx_word' id='word_1_201' title='bbox 1221 1842 1436 1879; x_wconf 86' lang='lat' dir='ltr'>utilitatem</span> 
     </span>
     <span class='ocr_line' id='line_1_29' title="bbox 271 1908 1438 1954; baseline -0.006 -7"><span class='ocrx_word' id='word_1_202' title='bbox 271 1923 380 1948; x_wconf 87' lang='lat' dir='ltr'>suam</span> <span class='ocrx_word' id='word_1_203' title='bbox 411 1911 563 1954; x_wconf 86' lang='lat' dir='ltr'>possint</span> <span class='ocrx_word' id='word_1_204' title='bbox 597 1910 681 1942; x_wconf 87' lang='lat' dir='ltr'>sine</span> <span class='ocrx_word' id='word_1_205' title='bbox 717 1909 880 1949; x_wconf 85' lang='lat' dir='ltr'>iniuria;</span> <span class='ocrx_word' id='word_1_206' title='bbox 921 1908 1185 1951; x_wconf 90' lang='lat' dir='ltr'>quoniamque</span> <span class='ocrx_word' id='word_1_207' title='bbox 1220 1918 1265 1941; x_wconf 88' lang='lat' dir='ltr'>ea</span> <span class='ocrx_word' id='word_1_208' title='bbox 1298 1910 1438 1941; x_wconf 85' lang='lat' dir='ltr'>natura</span> 
     </span>
     <span class='ocr_line' id='line_1_30' title="bbox 271 1967 1439 2013; baseline -0.005 -3"><span class='ocrx_word' id='word_1_209' title='bbox 271 1977 376 2010; x_wconf 87' lang='lat' dir='ltr'>esset</span> <span class='ocrx_word' id='word_1_210' title='bbox 396 1971 566 2008; x_wconf 89' lang='lat' dir='ltr'>hominis</span> <span class='ocrx_word' id='word_1_211' title='bbox 589 1974 632 2005; x_wconf 90' lang='lat' dir='ltr'>ut</span> <span class='ocrx_word' id='word_1_212' title='bbox 653 1971 689 2005; x_wconf 90' lang='lat' dir='ltr'>ei</span> <span class='ocrx_word' id='word_1_213' title='bbox 710 1981 799 2004; x_wconf 91' lang='lat' dir='ltr'>cum</span> <span class='ocrx_word' id='word_1_214' title='bbox 819 1981 968 2013; x_wconf 87' lang='lat' dir='ltr'>genere</span> <span class='ocrx_word' id='word_1_215' title='bbox 989 1968 1162 2004; x_wconf 89' lang='lat' dir='ltr'>humano</span> <span class='ocrx_word' id='word_1_216' title='bbox 1189 1969 1297 2013; x_wconf 86' lang='lat' dir='ltr'>quasi</span> <span class='ocrx_word' id='word_1_217' title='bbox 1324 1967 1439 2004; x_wconf 86' lang='lat' dir='ltr'>civile</span> 
     </span>
    </p>
   </div>
   <div class='ocr_carea' id='block_1_6' title="bbox 380 2055 996 2147">
    <p class='ocr_par' dir='ltr' id='par_1_6' title="bbox 380 2055 996 2147">
     <span class='ocr_line' id='line_1_31' title="bbox 611 2055 996 2092; baseline -0.003 -4"><span class='ocrx_word' id='word_1_218' title='bbox 611 2066 622 2087; x_wconf 84' lang='grc' dir='ltr'>ι</span> <span class='ocrx_word' id='word_1_219' title='bbox 633 2056 694 2088; x_wconf 70' lang='lat' dir='ltr'>scd</span> <span class='ocrx_word' id='word_1_220' title='bbox 709 2055 822 2092; x_wconf 79' lang='lat' dir='ltr'>Mdv.;</span> <span class='ocrx_word' id='word_1_221' title='bbox 846 2059 880 2087; x_wconf 76' lang='lat' dir='ltr'>et</span> <span class='ocrx_word' id='word_1_222' title='bbox 896 2056 996 2087; x_wconf 87' lang='lat' dir='ltr'>MSS.</span> 
     </span>
     <span class='ocr_line' id='line_1_32' title="bbox 380 2106 654 2147; baseline -0.004 -1"><span class='ocrx_word' id='word_1_223' title='bbox 380 2109 457 2147; x_wconf 77' lang='lat'>286</span> <span class='ocrx_word' id='word_1_224' title='bbox 650 2106 654 2109; x_wconf 87' lang='lat'>&#39;</span> 
     </span>
    </p>
   </div>
  </div>
 </body>
</html>
