1574 2364
188 740 237 778 56

564 159 759 196 CICERO
791 159 864 195 DE
896 160 1114 198 FINIBUS

264 252 363 283 mus,
384 244 429 275 ut
449 251 510 275 res
530 230 819 283 intellegatur),
841 238 916 274 alia
935 244 1070 275 autem
1093 240 1314 284 efficientia,
1333 253 1431 286 quae

267 302 407 338 Graeci
438 300 625 344 ποιητικά,
659 300 733 336 alia
763 306 985 347 utrumque.
1048 301 1109 339 De
1140 303 1434 348 pertinentibus

265 364 364 401 nihil
395 369 456 400 est
485 364 633 399 bonum
663 368 821 408 praeter
850 367 1025 401 actiones
1055 364 1253 409 honestas.
1275 365 1324 402 dc
1356 366 1426 402 effi·

266 427 463 463 cientibus
483 426 581 462 nihil
610 431 768 472 praeter
793 429 976 471 amicum,
998 427 1067 464 sed
1095 432 1137 464 et
1163 431 1432 473 pertinentem

267 495 309 527 et
340 490 579 526 efficientem
611 492 845 535 sapientiam
880 489 1019 526 volunt
1053 503 1148 527 esse.
1209 491 1310 527 Nam
1345 494 1433 537 quia

267 556 460 598 sapientia
481 558 541 589 est
561 555 800 589 conveniens
821 555 937 597 actio,
958 558 1020 589 est
1039 556 1079 589 in
1100 553 1167 589 illo
1181 547 1193 571 ¹
1214 557 1434 599 pertinenti

265 629 414 661 genere
449 615 555 661 quod
588 615 693 658 dixi3
734 615 839 660 quod
873 620 1006 652 autem
1041 615 1226 653 honestas
1260 619 1434 653 actiones

267 679 379 714 affert
400 683 441 714 et
462 678 592 722 efficit,
614 669 683 714 id²
704 678 874 714 efficiens
895 677 973 714 dici
994 683 1135 723 potest.

322 740 450 777 XVII.
484 732 507 747 “
520 741 632 777 Haec
649 754 748 785 quae
765 743 985 786 praeposita
1003 741 1168 778 dicimus
1185 745 1327 787 partim
1344 747 1437 779 sunt

268 817 337 850 per
357 817 398 840 se
423 806 506 849 ipsa
534 806 769 849 praeposita,
790 806 933 848 partim
955 803 1060 849 quod
1080 804 1228 849 aliquid
1249 805 1435 849 efficiunt,

268 870 410 912 partim
432 871 664 911 utrumque:
693 879 762 911 per
789 879 845 910 se,
865 871 910 902 ut
937 866 1097 911 quidam
1119 866 1276 904 habitus
1298 870 1373 904 oris
1394 873 1435 904 et

267 930 411 974 vultus,
433 934 478 965 ut
498 934 636 973 status,
665 934 709 965 ut
735 934 878 973 motus,
906 931 946 964 in
974 930 1114 974 quibus
1136 935 1228 966 sunt
1255 935 1296 967 et
1323 943 1433 975 prae-

267 992 450 1038 ponenda
480 991 673 1037 quaedam
706 996 748 1028 et
778 991 997 1035 reicienda;
1034 992 1109 1028 alia
1142 993 1192 1028 ob
1227 1005 1313 1029 eam
1348 1006 1431 1030 reni

267 1058 490 1101 praeposita
516 1055 700 1091 dicentur
731 1054 836 1100 quod
864 1067 910 1091 ex
939 1068 979 1091 se
1007 1055 1155 1100 aliquid
1183 1056 1365 1101 efficiant,
1386 1061 1431 1092 ut

265 1121 445 1164 pecunia,
476 1118 551 1154 alia
581 1122 715 1154 autem
750 1118 800 1154 ob
832 1122 1039 1163 utramque
1074 1131 1170 1163 rem,
1206 1123 1250 1155 ut
1283 1121 1428 1164 integri

265 1194 413 1225 sensus,
449 1186 493 1217 ut
530 1181 631 1217 bona
667 1180 862 1216 valetudo.
926 1181 986 1217 De
1022 1181 1123 1217 bona
1157 1186 1291 1218 autem
1326 1181 1429 1218 fama

264 1237 399 1289 (quam
439 1246 544 1280 enim
583 1243 789 1288 appellant
823 1239 989 1288 εὐδοξίαν
1023 1246 1152 1289 aptius
1191 1249 1253 1280 est
1287 1244 1429 1280 bonam

264 1307 407 1343 faniam
428 1306 502 1342 hoc
523 1305 608 1342 loco
624 1305 823 1351 appellare
842 1319 958 1351 quam
975 1298 1172 1351 gloriam),
1189 1306 1430 1352 Chrysippus

264 1370 424 1415 quidem
457 1373 498 1405 et
532 1369 733 1414 Diogenes
761 1369 941 1405 detracta
969 1369 1144 1406 utilitate
1176 1383 1227 1406 ne
1259 1370 1431 1415 digitum

263 1433 423 1478 quidem
451 1435 533 1468 eius
561 1445 675 1468 causa
700 1432 983 1477 porrigendum
1008 1445 1093 1469 esse
1121 1432 1321 1478 dicebant,
1343 1436 1427 1478 qui-

263 1497 333 1532 bus
355 1508 429 1540 ego
450 1494 711 1531 vehementer
733 1497 936 1530 assentior.
999 1494 1077 1540 Qui
1098 1500 1232 1531 autem
1253 1500 1342 1541 post
1363 1509 1428 1532 eos

260 1558 434 1602 fuerunt,
456 1571 544 1593 cum
566 1557 810 1593 Carneadem
826 1560 1020 1594 sustinere
1038 1571 1115 1593 non
1134 1563 1308 1603 possent,
1325 1558 1426 1595 hanc

259 1634 376 1666 quam
397 1620 477 1656 dixi
500 1620 642 1656 bonam
664 1619 807 1655 famam
828 1623 952 1665 ipsam
973 1625 1134 1666 propter
1161 1633 1202 1658 se
1229 1625 1426 1667 praeposi-

259 1688 339 1719 tam
368 1688 409 1719 et
441 1683 674 1719 sumendam
708 1695 792 1719 esse
825 1683 1026 1728 dixerunt,
1060 1697 1225 1729 esseque
1258 1684 1427 1722 hominis

258 1748 421 1791 ingenui
454 1750 496 1782 et
526 1746 744 1782 liberaliter
775 1746 934 1783 educati
966 1746 1068 1783 velle
1100 1747 1203 1784 bene
1235 1747 1371 1784 audire
1405 1762 1427 1784 a

257 1809 500 1854 parentibus,
527 1822 548 1844 a
575 1812 818 1854 propinquis,
842 1822 865 1845 a
892 1810 1003 1846 bonis
1031 1812 1151 1846 etiam
1179 1812 1283 1855 viris,
1307 1811 1427 1856 idque

256 1876 419 1917 propter
438 1884 522 1908 reni
544 1874 680 1916 ipsam,
703 1884 781 1907 non
804 1877 964 1917 propter
985 1885 1118 1917 usum3
1135 1872 1366 1918 dicuntque,
1382 1879 1427 1910 ut

295 2001 306 2021 ¹
319 2005 370 2034 est
385 2003 423 2033 in
442 2002 500 2033 illo
525 2001 636 2038 Mdv.;
661 2005 712 2032 est
728 2003 786 2033 illo
802 2002 843 2039 Α,
865 2002 904 2040 B,
924 2003 951 2033 E
969 2014 976 2038 ς
1001 2006 1052 2033 est
1066 2015 1141 2034 cum
1161 2004 1220 2034 illo
1236 2003 1294 2034 inf.
1316 2003 1418 2035 MSS.

296 2045 308 2064 ¹
323 2046 362 2076 id
377 2045 472 2076 Mdv.
492 2045 671 2076 brackets.

362 2099 440 2134 274
