1574 2364
195 640 242 674 58

584 172 779 210 CICERO
810 173 884 210 DE
915 173 1134 212 FINIBUS

275 251 370 296 quid
390 252 568 298 improbe
592 251 722 296 faciat,
743 265 880 289 verum
908 255 1027 289 etiam
1055 258 1372 299 praepotentem,
1393 257 1440 290 ut

277 329 330 365 M.
355 329 512 366 Crassus
532 328 746 375 fuit,-—qui
766 335 902 367 tamen
923 330 1076 367 solebat
1100 333 1159 367 uti
1179 344 1248 368 suo
1268 331 1440 375 bono,—

276 411 320 443 ut
336 406 454 443 hodie
471 411 532 444 est
547 412 682 443 noster
699 406 921 453 Pompeius,
936 410 998 444 cui
1013 413 1122 445 recte
1139 407 1301 445 facienti
1314 410 1441 454 gratia

275 489 336 522 est
356 484 560 529 habenda3
590 498 675 522 esse
697 488 803 522 enim
825 498 942 531 quam
962 485 1085 522 vellet
1105 488 1262 532 iniquus
1282 490 1440 531 poterat

274 565 445 608 impune.
493 562 622 608 Quam
638 562 763 599 multa
779 575 870 599 vero
890 565 1036 600 iniuste
1057 563 1140 600 fieri
1160 568 1324 609 possunt
1340 575 1439 608 quae

274 650 391 674 nemo
405 640 528 683 possit
543 637 857 683 reprehendere!
893 638 934 676 Si
950 643 991 675 te
1005 641 1151 675 amicus
1164 643 1255 675 tuus
1268 640 1439 674 moriens

274 715 471 758 rogaverit
490 717 536 749 ut
555 712 823 750 hereditatem
850 713 992 750 reddas
1019 726 1111 750 suae
1139 713 1254 758 filiae,
1275 726 1349 749 nec
1377 726 1439 749 us-

275 799 392 831 quam
418 786 459 822 id
487 789 699 832 scripserit,
721 791 766 823 ut
793 789 949 833 scripsit
978 787 1132 832 Fadius,
1157 799 1231 824 nec
1259 790 1441 833 cuiquam

275 860 433 906 dixerit,
454 860 548 906 quid
569 860 712 898 facies?
771 860 829 897 Tu
858 861 1019 907 quidem
1046 861 1210 905 1·eddes;
1239 864 1322 907 ipse
1349 861 1441 907 Epi-

276 948 390 972 curus
411 935 575 972 fortasse
596 935 805 979 redderet3
834 941 880 972 ut
901 936 988 973 Sex.
1014 936 1255 981 Peducaeus,
1278 936 1365 973 Sex.
1383 936 1440 981 F„

275 1012 308 1047 is
328 1012 394 1056 qui
414 1009 519 1046 hunc
540 1015 719 1046 nostrum
740 1009 902 1055 reliquit
929 1010 1101 1055 effigiem
1122 1015 1164 1047 et
1183 1010 1441 1047 humanitatis

277 1089 318 1121 et
344 1084 551 1130 probitatis
579 1096 671 1120 suae
699 1084 833 1129 filium,
856 1097 945 1121 cum
973 1083 1125 1128 doctus,
1153 1089 1240 1121 tum
1264 1087 1439 1121 omnium

277 1161 335 1194 vir
355 1161 526 1203 optimus
548 1162 589 1194 et
609 1160 856 1202 iustissimus,
877 1170 966 1195 cum
991 1160 1109 1194 sciret
1132 1171 1250 1195 nemo
1271 1171 1361 1196 eum
1381 1171 1440 1195 ro-

277 1237 414 1278 gatum
438 1245 461 1267 a
486 1232 525 1268 C.
556 1232 695 1276 Plotio,
722 1234 856 1277 equite
887 1232 1062 1269 Romano
1090 1232 1311 1278 splendido,
1339 1233 1442 1269 Nur-

279 1310 376 1352 sino,
392 1307 496 1344 ultro
511 1306 560 1343 ad
576 1306 783 1343 mulierem
800 1309 910 1344 venit
924 1310 1039 1352 eique
1059 1307 1158 1344 nihil
1179 1310 1358 1354 opinanti
1373 1310 1443 1344 viri

278 1381 507 1418 mandatum
534 1384 717 1426 exposuit
742 1381 1089 1427 hereditatemque
1119 1381 1304 1418 reddidit.
1365 1381 1444 1419 Sed

279 1470 354 1502 ego
384 1469 431 1493 ex
461 1461 502 1492 te
532 1469 689 1501 quaero,
717 1458 902 1502 quoniam
929 1456 1035 1493 idem
1063 1461 1106 1492 tu
1134 1461 1242 1493 certe
1273 1456 1444 1501 fecisses,

279 1543 411 1568 nonne
432 1530 642 1576 intellegas
664 1543 710 1567 eo
729 1533 917 1567 maiorem
937 1532 1015 1566 vim
1036 1543 1120 1567 esse
1147 1535 1311 1567 naturae
1338 1529 1443 1575 quod

278 1608 351 1651 ipsi
372 1617 452 1650 vos,
473 1607 539 1650 qui
561 1607 691 1641 omnia
711 1603 761 1641 ad
781 1609 957 1641 vestrum
974 1604 1225 1641 commodum
1243 1608 1284 1641 et
1303 1609 1348 1641 ut
1369 1607 1442 1650 ipsi

278 1680 408 1716 dicitis
435 1678 485 1716 ad
510 1679 756 1725 voluptatem
779 1678 973 1724 referatis,
1001 1683 1138 1715 tamen
1167 1692 1213 1716 ea
1239 1678 1390 1716 faciatis
1420 1691 1442 1716 e

279 1755 419 1800 quibus
440 1758 629 1799 appareat
648 1766 728 1790 non
749 1753 997 1799 voluptatem
1016 1766 1083 1790 vos
1104 1753 1174 1790 sed
1195 1753 1362 1789 officium
1382 1765 1442 1790 se-

278 1831 357 1874 qui,
379 1828 544 1874 plusque
564 1833 714 1864 rectam
734 1833 915 1863 naturam
935 1840 1052 1872 quam
1072 1829 1264 1863 rationem
1284 1839 1441 1872 pravam

198 1907 248 1946 59
277 1903 432 1939 valere?
480 1901 521 1938 Si
534 1904 677 1946 scieris,
695 1904 824 1946 inquit
841 1901 1075 1946 Carneades,
1090 1900 1267 1946 aspidem
1287 1901 1440 1938 occulte

275 1978 400 2014 latere
425 1978 577 2022 uspiam
602 1981 644 2012 et
668 1975 769 2012 velle
797 1975 969 2021 aliquem
996 1976 1292 2021 imprudentem
1321 1988 1439 2021 super

275 2066 362 2090 eam
381 2051 551 2088 assidere
566 2052 673 2087 cuius
689 2062 791 2087 mors
807 2050 880 2086 tibi
897 2050 1209 2087 emolumentum
1225 2049 1357 2086 futura
1372 2052 1434 2094 sit,

385 2111 398 2142 l
410 2104 459 2142 46
