1574 2364
607 131 803 170 CICERO
834 132 909 169 DE
940 132 1160 171 FINIBUS

296 212 482 250 hibentes
494 211 608 248 ludos
623 216 665 248 et
679 223 780 257 quae
796 216 1028 257 sequuntur,
1043 211 1109 248 illa
1123 213 1264 258 quibus
1276 212 1466 251 detractis

297 284 443 320 clamat
473 284 666 329 Epicurus
687 295 728 320 se
748 285 902 320 nescire
929 283 1025 329 quid
1054 286 1105 321 sit
1136 284 1304 328 bonum3
1334 285 1467 322 adsint

298 358 418 392 etiam
440 354 599 391 formosi
629 356 741 400 pueri
768 356 835 400 qui
858 356 1107 398 ministrent3
1136 355 1376 401 respondeat
1405 355 1465 392 his

297 429 429 471 vestis,
450 430 675 471 argentum,
697 424 957 470 Corinthium,
978 425 1086 462 locus
1107 428 1204 471 ipse,
1224 426 1466 471 aedificium3

296 498 440 534 -hos
473 510 567 542 ergo
598 502 728 533 asotos
759 497 863 533 bene
895 496 1057 542 quidem
1087 499 1218 534 vivere
1245 502 1314 534 aut
1347 497 1465 535 beate

297 582 513 615 numquam
533 569 711 605 dixerim.
755 568 815 604 Ex
836 581 912 613 quo
935 568 1100 604 efficitur
1119 581 1200 604 non
1219 573 1266 605 ut
1284 568 1465 615 voluptas

298 654 348 677 ne
381 643 432 677 sit
462 640 656 685 voluptas,
689 639 759 676 sed
790 644 835 676 ut
866 640 1048 685 voluptas
1079 652 1160 676 non
1187 643 1238 676 sit
1267 653 1463 677 summum

297 713 455 749 bonum.
488 711 575 748 Nec
598 711 666 747 ille
687 713 754 757 qui
776 710 1002 756 Diogenem
1022 710 1199 748 Stoicum
1219 710 1466 757 adulescens,

298 789 387 830 post
403 788 538 820 autem
560 782 793 819 Panaetium
809 781 1002 828 audierat,
1017 781 1174 819 Laelius
1191 795 1238 819 eo
1254 782 1384 819 dictus
1404 787 1466 820 est

299 857 455 901 sapiens
470 853 576 900 quod
591 866 672 890 non
688 853 946 899 intellegeret
962 852 1057 899 quid
1072 856 1345 891 suavissimum
1361 859 1467 891 esset

298 918 391 970 (nec
421 928 528 962 enim
558 928 736 971 sequitur
765 930 811 961 ut
837 927 900 961 cui
926 937 993 961 cor
1016 927 1142 971 sapiat
1170 928 1208 963 ei
1233 938 1315 962 non
1342 927 1468 972 sapiat

299 989 484 1044 palatus),
505 996 575 1034 sed
596 999 687 1042 quia
706 998 815 1042 parvi
836 995 876 1032 id
897 995 1073 1034 duceret.

354 1112 389 1148 O
410 1110 584 1157 lapathe,
601 1114 646 1147 ut
662 1112 808 1146 iactare
828 1122 904 1146 nec
924 1121 966 1147 es
985 1112 1079 1147 satis
1096 1112 1279 1156 cognitus
1295 1112 1362 1157 qui
1382 1110 1452 1149 sis!

357 1174 403 1210 In
424 1187 501 1220 quo
522 1173 680 1210 Laelius
697 1173 887 1210 clamores
907 1172 1028 1218 σοφός
1048 1173 1116 1210 ille
1137 1173 1292 1211 solebat

356 1237 499 1283 Edere,
520 1236 763 1282 compellans
782 1239 935 1282 gumias
956 1249 1005 1274 ex
1026 1236 1164 1274 ordine
1185 1241 1350 1275 nostros.

305 1350 507 1387 Praeclare
530 1349 700 1395 Laelius,
722 1354 764 1386 et
783 1354 893 1386 recte
913 1348 1047 1396 σοφός,
1066 1349 1245 1396 illudque
1267 1362 1381 1389 vere:

358 1456 369 1473 ‘
380 1465 415 1501 Ο
435 1463 562 1509 Publi,
577 1475 599 1499 o
611 1475 769 1508 gurges,
786 1462 958 1508 Galloni,
973 1475 1014 1500 es
1028 1461 1148 1499 homo
1163 1463 1307 1509 miser,'
1322 1466 1462 1510 inquit.

358 1519 368 1536 ‘
381 1529 540 1564 Cenasti
559 1529 599 1563 in
621 1528 701 1563 vita
715 1539 932 1571 numquam
947 1527 1064 1571 bene,
1082 1539 1171 1563 cum
1187 1528 1319 1563 omnia
1333 1529 1375 1563 in
1390 1529 1466 1564 ista

375 1592 580 1627 Consumis
594 1589 734 1635 squilla
747 1594 867 1635 atque
879 1591 1109 1635 acipensere
1123 1602 1213 1626 cum
1226 1589 1457 1626 decimano.’

303 1702 339 1741 Is
360 1704 457 1741 haec
484 1703 660 1749 loquitur
676 1705 742 1749 qui
762 1704 803 1739 in
824 1702 1030 1749 voluptate
1049 1702 1149 1740 nihil
1169 1715 1322 1749 ponens
1342 1708 1465 1748 negat

300 1788 390 1812 eum
411 1775 514 1811 bene
535 1787 677 1811 cenare
699 1776 765 1820 qui
793 1776 924 1810 omnia
951 1778 1074 1820 ponat
1100 1776 1142 1811 in
1161 1773 1388 1820 voluptate3
1423 1779 1465 1812 et

340 1903 456 1934 aThis
479 1912 638 1943 passage
662 1902 702 1933 of
722 1902 874 1933 Lucilius
891 1902 920 1932 is
936 1901 1079 1933 aliuded
1101 1904 1138 1933 to
1161 1900 1209 1943 by
1226 1900 1369 1933 Horace
1386 1901 1460 1934 Sat.

298 1956 326 1980 2.
348 1957 376 1979 2.
391 1947 445 1987 46,
461 1946 577 1977 where
595 1946 619 1976 it
635 1956 790 1986 appears
807 1945 884 1975 that
903 1945 1088 1976 Gallonius
1099 1955 1176 1976 was
1188 1955 1234 1976 an
1247 1945 1459 1982 auctioneer,

300 1991 480 2022 notorious
503 1989 558 2020 for
580 1989 716 2029 having
739 1988 947 2020 introduced
969 1988 1150 2030 amspenser
1169 1987 1356 2029 (sturgeon
1372 1987 1404 2028 1³)
1425 1992 1461 2019 to

300 2034 438 2064 Roman
455 2031 580 2063 {ables

408 2086 481 2121 108
