1574 2364
588 158 783 196 CICERO
815 158 890 195 DE
921 159 1140 197 FINIBUS

279 238 491 275 laudabilia
512 238 707 281 dicantur,
724 241 868 283 partim
889 251 989 283 quae
1002 239 1250 285 voluptatem
1271 240 1447 278 habeant

280 298 319 330 in
350 296 456 330 omni
480 296 696 337 animante,
717 293 786 329 sed
819 296 859 328 in
891 293 1051 330 homine
1082 297 1277 331 rationem
1305 298 1446 339 etiam;

281 362 328 386 ex
362 362 407 385 ea
438 361 538 393 quae
571 351 650 384 sint
681 352 786 393 apta,
820 362 865 383 ea
896 348 1075 393 honesta,
1108 362 1153 385 ea
1191 350 1367 395 pulchra,
1399 364 1445 387 ea

281 403 504 447 laudabilia,
521 403 587 438 illa
601 407 735 438 autem
752 406 952 448 superiora
967 404 1161 440 naturalia
1176 407 1443 451 nominantur,

281 472 380 504 quae
398 460 608 494 coniuncta
624 470 713 493 cum
730 457 906 494 honestis
920 460 1042 494 vitam
1062 459 1219 495 beatam
1235 459 1444 505 perficiunt

204 516 250 555 59
281 519 322 550 et
342 513 560 549 absolvunt.
622 512 812 548 Omnium
838 518 973 549 autem
995 526 1129 549 eorum
1151 514 1444 551 commodorum

281 569 421 614 quibus
438 581 517 603 non
534 567 589 603 illi
611 567 697 612 plus
717 567 899 604 tribuunt
919 570 985 613 qui
1005 568 1072 604 illa
1087 569 1190 604 bona
1206 582 1290 606 esse
1306 569 1445 606 dicunt

281 637 397 668 quam
426 623 532 658 Zeno
556 625 622 667 qui
649 627 784 666 negat,
806 622 924 666 longe
951 626 1331 667 praestantissimum
1359 637 1444 661 esse

281 678 386 724 quod
419 678 629 713 honestum
660 682 764 713 esset
795 682 915 722 atque
947 677 1164 715 laudabile:
1203 679 1272 715 sed
1304 682 1335 715 si
1366 679 1445 716 duo

282 734 449 769 honesta
488 734 687 778 proposita
726 734 818 777 sint,
857 732 1025 768 alterum
1073 746 1162 769 cum
1201 733 1443 779 valetudine,

281 789 449 825 alterum
489 800 578 823 cuni
610 787 758 832 morbo,
794 799 874 823 non
906 800 991 823 esse
1026 787 1190 824 dubium
1223 788 1273 824 ad
1312 794 1444 825 utrum

281 856 416 880 eorum
455 847 595 878 natura
626 854 696 878 nos
730 845 814 887 ipsa
844 842 1064 878 deductura
1095 845 1165 886 sit3
1205 843 1275 880 sed
1309 848 1444 880 tamen

281 903 434 935 tantam
461 900 539 933 vim
571 909 656 932 esse
688 896 907 933 honestatis
938 902 1176 942 tantumque
1211 910 1298 934 eam
1327 899 1444 935 rebus

281 953 461 990 omnibus
477 956 676 997 praestare
694 956 735 987 et
751 951 946 988 excellere
960 957 1005 988 ut
1023 952 1141 989 nullis
1157 965 1231 989 nec
1244 953 1444 999 suppliciis

282 1021 354 1044 nec
389 1009 571 1053 praemiis
606 1006 806 1042 demoveri
841 1009 965 1052 possit
996 1020 1043 1043 ex
1076 1020 1123 1044 eo
1154 1008 1260 1053 quod
1290 1013 1443 1045 rectum

283 1076 367 1100 esse
415 1062 656 1103 decreverit;
705 1064 914 1107 omniaque
962 1075 1063 1107 quae
1110 1062 1219 1108 dura,
1261 1062 1444 1109 difficilia,

280 1118 443 1154 adversa
470 1116 691 1161 videantur,
713 1128 759 1152 ea
778 1117 990 1153 virtutibus
1017 1120 1062 1153 iis
1090 1118 1230 1162 quibus
1257 1131 1279 1153 a
1304 1123 1444 1154 natura

282 1186 455 1210 essemus
475 1174 602 1208 ornati
623 1172 750 1207 obteri
771 1184 904 1216 posse;
931 1184 1011 1208 non
1038 1171 1152 1208 facile
1180 1172 1246 1208 illa
1269 1173 1442 1218 quidem,

281 1241 354 1265 nec
381 1226 675 1263 contemnenda
696 1220 803 1262 essel
825 1218 937 1271 (quid
967 1230 1073 1263 enim
1100 1232 1205 1264 esset
1229 1230 1269 1263 in
1296 1230 1442 1265 virtute

281 1288 437 1320 tantum
449 1274 494 1326 ?),
516 1281 585 1318 sed
617 1286 662 1317 ut
693 1281 767 1317 hoc
800 1281 1074 1327 indicaremus,
1094 1295 1172 1318 non
1203 1295 1288 1318 esse
1315 1285 1356 1318 in
1384 1283 1444 1319 his

281 1343 434 1384 partem
461 1339 670 1372 maximam
699 1338 867 1381 positam
894 1337 1010 1373 beate
1037 1342 1107 1373 aut
1138 1349 1250 1374 secus
1271 1337 1440 1374 vivendi.

200 1394 249 1432 60
281 1393 344 1429 Ad
371 1405 562 1429 summam
585 1404 630 1427 ea
657 1404 756 1436 quae
782 1391 888 1427 Zeno
914 1391 1159 1427 aestimanda
1186 1396 1228 1428 et
1253 1392 1445 1428 sumenda

280 1454 322 1485 et
341 1452 433 1493 apta
449 1452 613 1483 naturae
631 1458 715 1482 esse
733 1445 845 1491 dixit,
861 1446 1000 1483 eadem
1022 1446 1078 1482 illi
1098 1447 1200 1483 bona
1220 1446 1445 1493 appellant3

328 1560 337 1579 ¹
350 1571 416 1591 non
428 1559 538 1600 facile
553 1559 614 1589 illa
628 1559 767 1599 quidem
780 1557 844 1597 (Se.
861 1557 973 1589 obteri
991 1557 1111 1599 posse)
1128 1570 1190 1590 nec
1200 1560 1446 1590 contemnenda

285 1615 354 1636 esse
370 1602 459 1644 conj.
483 1602 591 1639 Mdv.‚
613 1603 692 1632 who
708 1601 821 1642 prints
838 1601 922 1632 with
946 1612 968 1632 a
992 1602 1093 1632 mark
1110 1602 1150 1632 of
1169 1603 1371 1643 corruption
1388 1603 1446 1633 the

289 1647 390 1678 MSS.
414 1658 477 1676 mm
487 1645 618 1687 faciles
635 1645 716 1675 illas
732 1645 870 1685 quidem
887 1655 947 1676 nec
958 1646 1224 1676 contemnendas
1236 1645 1339 1686 (quid
1349 1645 1441 1685 etc.).

327 1800 440 1831 aThis
466 1798 637 1829 confused
662 1808 822 1838 passage
850 1797 879 1828 is
907 1795 1161 1839 conjecturally
1188 1798 1367 1829 remedied
1398 1797 1444 1839 by

284 1845 338 1876 W.
361 1844 408 1874 M.
431 1843 467 1873 L.
490 1841 727 1877 Hutehinson,
746 1841 787 1871 de
801 1841 882 1871 Fin.
902 1851 934 1881 p.
957 1850 1030 1881 235,
1050 1842 1128 1872 who
1145 1841 1200 1872 for
1216 1841 1255 1871 in
1270 1852 1339 1872 sese
1361 1851 1444 1881 sug-

284 1891 386 1929 gests
404 1886 441 1917 in
457 1885 565 1925 stirpe
588 1884 657 1924 (cp.
677 1883 720 1921 V,
744 1894 781 1914 10
805 1884 966 1924 stirpium
991 1882 1167 1925 naturas),
1186 1884 1257 1914 and
1281 1884 1336 1914 for
1351 1885 1445 1915 volu-

280 1933 428 1973 ptatem,
446 1928 662 1959 voluntalem
686 1926 754 1967 (cp.
786 1927 881 1957 Tusc.
912 1927 972 1963 lv,
996 1926 1056 1967 12).
1107 1927 1231 1968 Lastly
1247 1926 1306 1957 the
1323 1928 1443 1958 clause

284 1984 373 2016 quae
398 1982 459 2003 nec
480 1971 623 2001 honesta
646 1980 709 2001 nec
728 1969 927 2000 laudabilia
950 1970 1119 2000 dicantur
1132 1970 1299 2011 logically
1316 1970 1444 2001 should

284 2027 382 2048 come
407 2013 648 2054 immediately
665 2012 757 2043 after
777 2023 932 2053 quaeque
954 2013 1143 2043 secundum
1167 2016 1334 2044 naturam
1357 2014 1444 2050 sint,

282 2060 418 2100 though
451 2057 576 2087 Cicero
607 2066 690 2097 may
718 2056 807 2086 have
836 2057 1027 2096 carelessly
1059 2055 1255 2097 misplaced
1283 2055 1320 2089 it.
1369 2056 1444 2087 The

393 2108 469 2145 364
