1574 2359
229 1141 276 1180 19

615 125 812 164 CICERO
844 127 918 164 DE
950 128 1170 167 FINIBUS

309 224 355 248 ea
389 223 489 257 quae
524 213 605 249 sint
643 225 823 259 quaeque
862 219 1076 252 cernantur
1113 219 1265 261 omnia3
1308 230 1477 263 eumque

308 287 461 319 motum
489 287 710 320 atomorum
735 283 845 321 nullo
871 298 893 321 a
917 287 1110 333 principio
1138 287 1207 324 sed
1237 301 1285 325 ex
1315 293 1478 326 aeterno

308 359 489 399 tempore
528 354 713 400 intellegi
748 358 969 393 convenire.
1030 357 1223 403 Epicurus
1257 364 1404 405 autem,
1440 362 1479 396 in

309 425 448 470 quibus
465 428 643 471 sequitur
656 425 944 473 Democritum,
957 441 1037 464 non
1051 427 1134 465 fere
1147 428 1300 466 labitur.
1332 429 1478 475 Quam-

311 510 429 542 quam
450 499 655 543 utriusque
677 511 766 534 cum
787 497 913 534 multa
937 512 1017 535 non
1044 499 1180 545 probo,
1201 505 1286 537 tum
1313 500 1412 538 illud
1439 503 1477 536 in

309 570 458 614 primis,
487 568 605 614 quod,
631 581 721 605 cum
748 572 789 605 in
812 582 945 606 rerum
974 575 1115 607 natura
1145 570 1223 608 duo
1252 572 1477 617 quaerenda

309 642 400 685 sint,
434 652 556 676 unum
593 653 693 685 quae
725 643 892 678 materia
925 644 976 678 sit
1010 654 1058 678 ex
1093 655 1169 687 qua
1203 655 1382 688 quaeque
1418 656 1479 679 res

310 711 511 756 efficiatur,
533 710 703 747 alterum
724 724 825 756 quae
846 714 902 749 vis
930 715 981 749 sit
1001 726 1101 758 quae
1122 713 1297 759 quidque
1325 714 1478 758 efficiat,

309 782 359 819 de
391 784 555 818 materia
587 781 872 828 disseruerunt,
906 785 984 820 vim
1019 789 1061 820 et
1095 797 1251 821 causam
1285 785 1476 822 efficiendi

307 852 565 898 reliquerunt.
618 852 697 890 Sed
713 852 787 889 hoc
802 866 1010 891 commune
1024 856 1162 891 vitium
1175 867 1183 898 ;
1213 854 1303 892 illae
1321 855 1479 900 Epicuri

308 927 488 970 propriae
509 926 665 960 ruinae:
696 929 834 961 censet
855 927 962 961 enim
979 925 1119 962 eadem
1135 925 1200 962 illa
1220 926 1422 963 individua
1438 932 1479 963 et

307 995 429 1032 solida
450 1008 611 1041 corpora
631 994 724 1032 ferri
745 995 929 1032 deorsum
949 1009 1018 1032 suo
1041 996 1217 1042 pondere
1238 996 1287 1033 ad
1307 996 1451 1034 lineam
1468 1002 1477 1033 3

306 1066 412 1103 hunc
450 1066 673 1103 naturalem
721 1079 806 1103 esse
845 1069 1021 1104 omnium
1060 1080 1266 1114 corporum
1303 1073 1475 1112 motum3

305 1137 452 1174 deinde
472 1137 622 1174 ibidem
643 1137 761 1174 homo
781 1143 931 1184 acutus,
954 1151 1043 1174 cum
1063 1138 1162 1175 illud
1188 1144 1423 1185 occurreret,
1445 1141 1474 1175 si

306 1212 438 1246 omnia
467 1208 650 1246 deorsum
681 1222 702 1246 e
733 1212 896 1255 regione
925 1209 1125 1247 ferrentur
1152 1215 1206 1256 et,
1233 1215 1278 1247 ut
1306 1211 1399 1256 dixi,
1427 1210 1475 1247 ad

306 1280 464 1326 lineam,
504 1293 721 1325 numquam
762 1280 845 1317 fore
885 1285 930 1317 ut
968 1285 1122 1317 atomus
1156 1281 1280 1318 altera
1313 1281 1476 1318 alteram

305 1357 439 1398 posset
465 1354 679 1396 attingere,
701 1349 851 1396 itaquel
864 1351 1003 1388 attulit
1029 1364 1114 1389 rem
1141 1354 1477 1389 commenticiam:

305 1423 505 1461 declinare
527 1423 628 1459 dixit
648 1427 825 1459 atomum
853 1423 1100 1469 perpaulum,
1121 1436 1199 1469 quo
1225 1423 1324 1460 nihil
1345 1428 1478 1469 posset

306 1495 389 1532 fieri
409 1497 558 1538 minus3
588 1497 643 1531 ita
665 1494 763 1531 effici
783 1494 1076 1540 complexiones
1093 1499 1134 1532 et
1150 1494 1418 1541 copulationes
1436 1500 1477 1532 ct

305 1567 564 1604 adhaesiones
591 1571 813 1602 atomorum
846 1567 951 1602 inter
982 1578 1037 1611 se,
1070 1578 1119 1603 ex
1150 1579 1227 1612 quo
1256 1566 1476 1603 efficeretur

304 1636 476 1673 mundus
515 1648 731 1680 omnesque
771 1640 904 1681 partes
943 1634 1083 1672 mundi
1122 1648 1301 1681 quaeque
1348 1638 1390 1672 in
1429 1648 1475 1672 eo

306 1712 450 1745 essent.
511 1706 623 1752 Quae
646 1719 733 1742 cum
756 1718 818 1743 res
847 1710 933 1742 tota
960 1705 1051 1742 ficta
1077 1708 1129 1743 sit
1151 1705 1369 1752 pueriliter,
1389 1710 1475 1743 tun]

305 1792 355 1816 ne
373 1779 492 1816 efficit
511 1777 694 1824 quidem2
711 1777 815 1823 quod
838 1777 933 1814 vult.
976 1777 1079 1814 Nam
1099 1781 1142 1814 et
1160 1779 1243 1823 ipsa
1264 1776 1477 1815 declinatio

304 1850 355 1887 ad
388 1849 596 1887 libidinem
631 1848 794 1894 fingitur
825 1840 899 1892 (ait
931 1851 1038 1885 enim
1069 1847 1270 1885 declinare
1301 1853 1477 1885 atomum

306 1924 389 1959 sine
411 1933 538 1966 causa,
560 1933 637 1966 quo
657 1919 757 1956 nihil
779 1922 933 1965 turpius
947 1919 1111 1966 physico
1127 1931 1244 1965 quam
1264 1918 1347 1956 fieri
1364 1919 1476 1965 quid-

559 1989 570 2008 1
594 1989 707 2037 itaque
722 1989 817 2037 aiter
832 1987 1103 2021 commenticiam
1119 1987 1276 2019 Martha.

563 2031 576 2051 ²
599 2031 737 2073 quadem
752 2031 912 2064 inserted
930 2031 979 2073 by
996 2030 1078 2063 edd.

354 2077 404 2114 20
