1574 2364
624 108 819 146 CICERO
850 107 925 145 DE
955 107 1175 146 FINIBUS

317 191 497 228 homines
536 194 578 226 et
611 194 747 225 tamen
780 189 952 233 ingemis
988 187 1278 225 excellentibus
1312 187 1481 233 praediti

319 253 542 286 excitantur
571 261 688 293 saepe
714 247 851 292 gloria,
876 259 976 292 quae
1006 246 1129 283 habet
1157 250 1331 292 speciem
1359 246 1482 283 hone-

319 311 431 345 statis
452 312 493 343 et
513 306 824 343 similitudinem.
885 304 1003 350 Quod
1027 307 1058 341 si
1083 307 1207 351 ipsam
1231 305 1483 341 honestatem

319 367 494 411 undique
515 364 733 411 perfectam
749 371 868 409 atque
884 363 1118 408 absolutam,
1135 377 1219 400 rem
1234 377 1354 400 unam
1373 376 1484 409 prae-

320 426 571 461 clarissimam
592 425 768 459 omnium
788 425 1036 467 maximeque
1057 422 1308 467 laudandam,
1325 425 1484 468 penitus

320 484 516 528 viderent,
543 494 715 528 quonam
743 481 888 527 gaudio
918 481 1226 526 complerentur,
1253 494 1343 517 cum
1371 485 1484 517 tanto

241 547 291 582 ΤΟ
321 555 439 588 opere
470 544 553 578 eius
584 540 817 577 adumbrata
851 542 1036 585 opinione
1067 539 1295 578 laetentur!
1354 538 1485 586 Quem

321 603 427 637 enim
458 599 639 636 deditum
670 598 952 644 voluptatibus,
983 611 1103 643 quem
1133 598 1397 644 cupiditatum
1427 600 1486 633 in·

321 659 470 695 cendiis
498 657 784 694 inflammatum
810 659 851 693 in
878 660 923 693 iis
951 657 1150 702 potiendis
1171 669 1271 702 quae
1297 659 1486 693 acerrime

321 719 609 763 concupivisset
617 721 729 752 tanta
739 715 893 752 laetitia
905 715 1091 761 perfundi
1098 716 1332 752 arbitramur
1340 720 1488 761 quanta

320 782 389 813 aut
410 779 650 821 superiorem
665 774 896 811 Africanum
914 774 1141 811 Hannibale
1154 777 1258 811 victo
1273 779 1342 811 aut
1356 779 1487 820 poste-

321 838 462 872 riorem
480 834 719 879 Carthagine
736 846 870 870 eversa
884 834 898 869 ?
938 832 1068 879 Quem
1084 833 1270 869 Tiberina
1284 833 1489 870 descensio

322 894 424 930 festo
445 894 512 929 illo
533 893 597 929 die
618 897 732 929 tanto
751 892 896 937 gaudio
920 892 1051 928 affecit
1071 897 1220 937 quanto
1241 892 1283 928 L.
1309 891 1487 937 Paulum,

323 966 411 989 cum
426 965 563 997 regem
580 951 739 988 Persem
752 955 912 996 captum
924 950 1154 995 adduceret,
1171 950 1313 987 eodem
1328 950 1487 988 flumine

243 1015 263 1051 7
275 1017 287 1047 l
323 1011 517 1047 invectio?
539 1011 627 1055 Age
641 1023 760 1055 nunc,
772 1009 867 1046 Luci
880 1015 1027 1054 noster,
1038 1014 1197 1046 exstrue
1209 1012 1340 1046 animo
1352 1009 1487 1046 altitu-

324 1069 458 1106 dinem
479 1068 837 1113 excellentiamque
858 1071 1074 1112 virtutum3
1100 1070 1177 1104 iam
1197 1081 1277 1104 non
1297 1067 1488 1105 dubitatis

324 1128 418 1169 quin
428 1137 561 1160 earum
571 1128 772 1169 compotes
786 1123 966 1159 homines
978 1136 1122 1168 magno
1134 1126 1265 1159 animo
1274 1128 1487 1169 erectoque

325 1182 502 1215 viventes
519 1191 674 1224 semper
690 1182 770 1214 sint
784 1179 909 1222 beati3
931 1181 997 1224 qui
1011 1191 1147 1214 omnes
1160 1183 1291 1214 motus
1304 1178 1487 1215 fortunae

325 1237 643 1278 mutationesque
658 1246 788 1269 rerum
802 1238 844 1270 et
856 1238 1081 1279 temporum
1093 1233 1201 1270 leves
1217 1238 1258 1270 et
1270 1233 1488 1270 imbecillos

325 1288 407 1325 fore
424 1288 663 1333 intellegant
676 1292 706 1324 si
723 1291 763 1324 in
780 1291 935 1324 virtutis
951 1293 1153 1325 certamen
1170 1291 1362 1325 venerint.
1415 1288 1487 1324 Illa

326 1346 431 1379 enim
452 1356 551 1388 quae
573 1348 665 1380 sunt
684 1357 705 1379 a
726 1344 838 1380 nobis
855 1344 957 1379 bona
971 1346 1142 1389 corporis
1158 1348 1364 1380 numerata
1383 1356 1487 1380 com-

326 1399 439 1444 plent
466 1411 511 1434 ea
537 1398 698 1443 quidem
725 1399 992 1435 beatissimam
1016 1401 1149 1444 vitam,
1170 1398 1240 1434 sed
1264 1401 1319 1434 ita
1339 1403 1383 1435 ut
1403 1401 1487 1434 sine

326 1454 402 1489 illis
423 1456 544 1498 possit
565 1454 681 1489 beata
708 1456 788 1489 vita
814 1456 1015 1490 exsistere.
1076 1453 1137 1490 Ita
1158 1456 1264 1490 enim
1285 1466 1426 1499 parvae
1447 1458 1489 1490 et

327 1512 491 1553 exiguae
512 1513 605 1544 sunt
623 1511 722 1544 istae
742 1511 985 1545 accessiones
1004 1509 1196 1544 bonorum
1222 1513 1280 1553 ut,
1300 1508 1489 1553 quemad-

326 1562 487 1599 modum
519 1563 657 1599 stellae
689 1566 729 1599 in
754 1563 871 1599 radiis
895 1563 998 1608 solis,
1023 1566 1077 1599 sic
1101 1566 1200 1600 istae
1231 1566 1272 1599 in
1296 1566 1488 1600 virtutum

247 1621 296 1658 72
328 1617 536 1662 splendore
557 1630 607 1654 ne
629 1623 841 1654 cernantur
861 1618 1033 1663 quidem.
1083 1618 1218 1663 Atque
1238 1617 1312 1654 hoc
1332 1623 1378 1655 ut
1396 1631 1488 1655 vere

328 1672 483 1717 dicitur,
505 1685 622 1717 parva
639 1685 723 1709 esse
743 1673 794 1709 ad
820 1673 938 1710 beate
959 1673 1172 1710 vivendum
1191 1677 1394 1710 momenta
1414 1676 1488 1710 ista

328 1730 498 1771 corporis
519 1727 826 1773 commodorum,
847 1731 901 1764 sic
920 1731 1037 1765 nimis
1056 1728 1276 1764 violentum
1300 1733 1362 1765 est
1380 1728 1489 1764 nulla

327 1793 411 1818 esse
450 1781 581 1818 dicere
597 1794 606 1825 3
649 1785 716 1827 qui
755 1786 862 1819 enim
900 1785 955 1820 sic
993 1783 1212 1829 disputant,
1245 1782 1358 1820 obliti
1391 1782 1486 1819 mihi

370 1960 473 1990 aThe
498 1960 639 1991 festival
664 1961 703 1990 of
724 1961 811 1991 Fors
837 1961 1004 2000 Fortuna,
1030 1961 1121 2001 June
1147 1971 1198 2002 24,
1225 1961 1411 1993 described
1442 1962 1485 2003 by

328 2003 420 2034 Ovid
436 2003 546 2040 Fasti,
565 2004 596 2041 6,
616 2012 687 2044 774.

434 2056 510 2090 472
