<?xml version="1.0" encoding="UTF-8"?>
<!DOCTYPE html PUBLIC "-//W3C//DTD XHTML 1.0 Transitional//EN"
    "http://www.w3.org/TR/xhtml1/DTD/xhtml1-transitional.dtd">
<html xmlns="http://www.w3.org/1999/xhtml" xml:lang="en" lang="en">
 <head>
  <title>
</title>
<meta http-equiv="Content-Type" content="text/html;charset=utf-8" />
  <meta name='ocr-system' content='tesseract 3.04.00' />
  <meta name='ocr-capabilities' content='ocr_page ocr_carea ocr_par ocr_line ocrx_word'/>
</head>
<body>
  <div class='ocr_page' id='page_1' title='image "./definibusbonorum00cice_0090.png"; bbox 0 0 1615 2359; ppageno 0'>
   <div class='ocr_carea' id='block_1_1' title="bbox 214 300 262 332">
    <p class='ocr_par' dir='ltr' id='par_1_1' title="bbox 214 300 262 332">
     <span class='ocr_line' id='line_1_1' title="bbox 214 300 262 332; baseline -0.021 0"><span class='ocrx_word' id='word_1_1' title='bbox 214 300 262 332; x_wconf 72' lang='lat'>54</span> 
     </span>
    </p>
   </div>
   <div class='ocr_carea' id='block_1_2' title="bbox 599 102 1150 141">
    <p class='ocr_par' dir='ltr' id='par_1_2' title="bbox 599 102 1150 141">
     <span class='ocr_line' id='line_1_2' title="bbox 599 102 1150 141; baseline 0.002 -1"><span class='ocrx_word' id='word_1_2' title='bbox 599 102 794 140; x_wconf 86' lang='lat' dir='ltr'>CICERO</span> <span class='ocrx_word' id='word_1_3' title='bbox 826 102 900 139; x_wconf 92' lang='lat' dir='ltr'>DE</span> <span class='ocrx_word' id='word_1_4' title='bbox 930 103 1150 141; x_wconf 89' lang='lat' dir='ltr'>FINIBUS</span> 
     </span>
    </p>
   </div>
   <div class='ocr_carea' id='block_1_3' title="bbox 292 185 1464 1602">
    <p class='ocr_par' dir='ltr' id='par_1_3' title="bbox 292 185 1454 285">
     <span class='ocr_line' id='line_1_3' title="bbox 292 185 1454 230; baseline 0.001 -10"><span class='ocrx_word' id='word_1_5' title='bbox 292 185 422 221; x_wconf 84' lang='lat' dir='ltr'>animo</span> <span class='ocrx_word' id='word_1_6' title='bbox 442 188 632 228; x_wconf 79' lang='lat' dir='ltr'>versatur,</span> <span class='ocrx_word' id='word_1_7' title='bbox 652 195 867 228; x_wconf 85' lang='lat' dir='ltr'>numquam</span> <span class='ocrx_word' id='word_1_8' title='bbox 888 185 982 220; x_wconf 85' lang='lat' dir='ltr'>sinit</span> <span class='ocrx_word' id='word_1_9' title='bbox 1003 195 1092 220; x_wconf 89' lang='lat' dir='ltr'>eum</span> <span class='ocrx_word' id='word_1_10' title='bbox 1118 186 1322 230; x_wconf 72' lang='lat' dir='ltr'>respirare,</span> <span class='ocrx_word' id='word_1_11' title='bbox 1342 197 1454 221; x_wconf 85' lang='lat' dir='ltr'>num-</span> 
     </span>
     <span class='ocr_line' id='line_1_4' title="bbox 292 240 688 285; baseline -0.003 -10"><span class='ocrx_word' id='word_1_12' title='bbox 292 252 410 285; x_wconf 85' lang='lat' dir='ltr'>quam</span> <span class='ocrx_word' id='word_1_13' title='bbox 428 240 688 284; x_wconf 82' lang='lat' dir='ltr'>acquiescere.</span> 
     </span>
    </p>

    <p class='ocr_par' dir='ltr' id='par_1_4' title="bbox 292 284 1456 667">
     <span class='ocr_line' id='line_1_5' title="bbox 348 284 1455 339; baseline 0.001 -9"><span class='ocrx_word' id='word_1_14' title='bbox 348 284 372 301; x_wconf 77' lang='lat'><em>“</em></span> <span class='ocrx_word' id='word_1_15' title='bbox 382 293 500 339; x_wconf 78' lang='lat' dir='ltr'>Quod</span> <span class='ocrx_word' id='word_1_16' title='bbox 520 295 551 330; x_wconf 91' lang='lat' dir='ltr'>si</span> <span class='ocrx_word' id='word_1_17' title='bbox 571 305 622 330; x_wconf 93' lang='lat' dir='ltr'>ne</span> <span class='ocrx_word' id='word_1_18' title='bbox 638 295 810 338; x_wconf 90' lang='lat' dir='ltr'>ipsarum</span> <span class='ocrx_word' id='word_1_19' title='bbox 826 292 988 338; x_wconf 91' lang='lat' dir='ltr'>quidem</span> <span class='ocrx_word' id='word_1_20' title='bbox 1003 295 1194 329; x_wconf 87' lang='lat' dir='ltr'>virtutum</span> <span class='ocrx_word' id='word_1_21' title='bbox 1210 292 1306 339; x_wconf 79' lang='lat' dir='ltr'>laus,</span> <span class='ocrx_word' id='word_1_22' title='bbox 1323 296 1362 330; x_wconf 89' lang='lat' dir='ltr'>in</span> <span class='ocrx_word' id='word_1_23' title='bbox 1379 307 1455 339; x_wconf 88' lang='lat' dir='ltr'>qua</span> 
     </span>
     <span class='ocr_line' id='line_1_6' title="bbox 293 347 1455 394; baseline 0 -9"><span class='ocrx_word' id='word_1_24' title='bbox 293 351 462 385; x_wconf 82' lang='lat' dir='ltr'>maxime</span> <span class='ocrx_word' id='word_1_25' title='bbox 482 352 705 384; x_wconf 84' lang='lat' dir='ltr'>ceterorum</span> <span class='ocrx_word' id='word_1_26' title='bbox 725 347 1048 393; x_wconf 88' lang='lat' dir='ltr'>philosophorum</span> <span class='ocrx_word' id='word_1_27' title='bbox 1069 347 1221 384; x_wconf 85' lang='lat' dir='ltr'>exultat</span> <span class='ocrx_word' id='word_1_28' title='bbox 1242 351 1378 394; x_wconf 81' lang='lat' dir='ltr'>oratio,</span> <span class='ocrx_word' id='word_1_29' title='bbox 1394 361 1455 385; x_wconf 84' lang='lat' dir='ltr'>re-</span> 
     </span>
     <span class='ocr_line' id='line_1_7' title="bbox 292 401 1454 449; baseline -0.001 -9"><span class='ocrx_word' id='word_1_30' title='bbox 292 406 421 449; x_wconf 88' lang='lat' dir='ltr'>perire</span> <span class='ocrx_word' id='word_1_31' title='bbox 449 405 600 439; x_wconf 86' lang='lat' dir='ltr'>exitum</span> <span class='ocrx_word' id='word_1_32' title='bbox 630 407 765 448; x_wconf 85' lang='lat' dir='ltr'>potest</span> <span class='ocrx_word' id='word_1_33' title='bbox 789 404 865 438; x_wconf 90' lang='lat' dir='ltr'>nisi</span> <span class='ocrx_word' id='word_1_34' title='bbox 895 401 1089 447; x_wconf 80' lang='lat' dir='ltr'>dirigatur</span> <span class='ocrx_word' id='word_1_35' title='bbox 1114 402 1165 439; x_wconf 88' lang='lat' dir='ltr'>ad</span> <span class='ocrx_word' id='word_1_36' title='bbox 1194 402 1454 449; x_wconf 87' lang='lat' dir='ltr'>voluptatem,</span> 
     </span>
     <span class='ocr_line' id='line_1_8' title="bbox 293 456 1455 503; baseline -0.001 -8"><span class='ocrx_word' id='word_1_37' title='bbox 293 458 472 503; x_wconf 85' lang='lat' dir='ltr'>voluptas</span> <span class='ocrx_word' id='word_1_38' title='bbox 485 462 619 494; x_wconf 89' lang='lat' dir='ltr'>autem</span> <span class='ocrx_word' id='word_1_39' title='bbox 636 461 697 494; x_wconf 79' lang='lat' dir='ltr'>est</span> <span class='ocrx_word' id='word_1_40' title='bbox 709 457 790 493; x_wconf 88' lang='lat' dir='ltr'>sola</span> <span class='ocrx_word' id='word_1_41' title='bbox 803 469 903 502; x_wconf 84' lang='lat' dir='ltr'>quae</span> <span class='ocrx_word' id='word_1_42' title='bbox 916 469 987 493; x_wconf 91' lang='lat' dir='ltr'>nos</span> <span class='ocrx_word' id='word_1_43' title='bbox 1000 461 1116 493; x_wconf 85' lang='lat' dir='ltr'>vocet</span> <span class='ocrx_word' id='word_1_44' title='bbox 1130 456 1180 493; x_wconf 86' lang='lat' dir='ltr'>ad</span> <span class='ocrx_word' id='word_1_45' title='bbox 1195 470 1236 494; x_wconf 89' lang='lat' dir='ltr'>se</span> <span class='ocrx_word' id='word_1_46' title='bbox 1253 462 1294 494; x_wconf 85' lang='lat' dir='ltr'>et</span> <span class='ocrx_word' id='word_1_47' title='bbox 1309 457 1455 495; x_wconf 83' lang='lat' dir='ltr'>alliciat</span> 
     </span>
     <span class='ocr_line' id='line_1_9' title="bbox 294 511 1456 559; baseline 0 -10"><span class='ocrx_word' id='word_1_48' title='bbox 294 518 434 559; x_wconf 85' lang='lat' dir='ltr'>suapte</span> <span class='ocrx_word' id='word_1_49' title='bbox 465 517 617 557; x_wconf 82' lang='lat' dir='ltr'>natura,</span> <span class='ocrx_word' id='word_1_50' title='bbox 649 525 729 548; x_wconf 90' lang='lat' dir='ltr'>non</span> <span class='ocrx_word' id='word_1_51' title='bbox 756 517 890 557; x_wconf 82' lang='lat' dir='ltr'>potest</span> <span class='ocrx_word' id='word_1_52' title='bbox 917 524 1002 548; x_wconf 89' lang='lat' dir='ltr'>esse</span> <span class='ocrx_word' id='word_1_53' title='bbox 1026 511 1191 548; x_wconf 88' lang='lat' dir='ltr'>dubium</span> <span class='ocrx_word' id='word_1_54' title='bbox 1216 515 1311 557; x_wconf 90' lang='lat' dir='ltr'>quin</span> <span class='ocrx_word' id='word_1_55' title='bbox 1338 512 1378 548; x_wconf 91' lang='lat' dir='ltr'>id</span> <span class='ocrx_word' id='word_1_56' title='bbox 1405 516 1456 549; x_wconf 88' lang='lat' dir='ltr'>sit</span> 
     </span>
     <span class='ocr_line' id='line_1_10' title="bbox 294 567 1455 612; baseline 0 -8"><span class='ocrx_word' id='word_1_57' title='bbox 294 581 490 604; x_wconf 88' lang='lat' dir='ltr'>summum</span> <span class='ocrx_word' id='word_1_58' title='bbox 498 572 618 612; x_wconf 82' lang='lat' dir='ltr'>atque</span> <span class='ocrx_word' id='word_1_59' title='bbox 629 572 850 603; x_wconf 84' lang='lat' dir='ltr'>extremum</span> <span class='ocrx_word' id='word_1_60' title='bbox 859 567 1052 603; x_wconf 88' lang='lat' dir='ltr'>bonorum</span> <span class='ocrx_word' id='word_1_61' title='bbox 1061 569 1249 612; x_wconf 88' lang='lat' dir='ltr'>omnium,</span> <span class='ocrx_word' id='word_1_62' title='bbox 1259 567 1455 612; x_wconf 82' lang='lat' dir='ltr'>beateque</span> 
     </span>
     <span class='ocr_line' id='line_1_11' title="bbox 294 621 1334 667; baseline -0.001 -8"><span class='ocrx_word' id='word_1_63' title='bbox 294 627 425 659; x_wconf 74' lang='lat' dir='ltr'>vivere</span> <span class='ocrx_word' id='word_1_64' title='bbox 445 622 545 658; x_wconf 90' lang='lat' dir='ltr'>nihil</span> <span class='ocrx_word' id='word_1_65' title='bbox 564 622 672 658; x_wconf 89' lang='lat' dir='ltr'>aliud</span> <span class='ocrx_word' id='word_1_66' title='bbox 692 625 743 658; x_wconf 89' lang='lat' dir='ltr'>sit</span> <span class='ocrx_word' id='word_1_67' title='bbox 762 624 838 658; x_wconf 89' lang='lat' dir='ltr'>nisi</span> <span class='ocrx_word' id='word_1_68' title='bbox 859 634 948 658; x_wconf 87' lang='lat' dir='ltr'>cum</span> <span class='ocrx_word' id='word_1_69' title='bbox 967 621 1172 667; x_wconf 86' lang='lat' dir='ltr'>voluptate</span> <span class='ocrx_word' id='word_1_70' title='bbox 1192 624 1334 658; x_wconf 87' lang='lat' dir='ltr'>vivere.</span> 
     </span>
    </p>

    <p class='ocr_par' dir='ltr' id='par_1_5' title="bbox 295 666 1464 1602">
     <span class='ocr_line' id='line_1_12' title="bbox 339 666 1458 722; baseline 0.001 -9"><span class='ocrx_word' id='word_1_71' title='bbox 339 677 467 714; x_wconf 80' lang='lat' dir='ltr'>XVII.</span> <span class='ocrx_word' id='word_1_72' title='bbox 485 666 512 684; x_wconf 74' lang='lat'>‘⁶</span> <span class='ocrx_word' id='word_1_73' title='bbox 526 677 632 713; x_wconf 90' lang='lat' dir='ltr'>Huic</span> <span class='ocrx_word' id='word_1_74' title='bbox 649 681 781 713; x_wconf 86' lang='lat' dir='ltr'>certae</span> <span class='ocrx_word' id='word_1_75' title='bbox 797 676 1007 721; x_wconf 80' lang='lat' dir='ltr'>stabilique</span> <span class='ocrx_word' id='word_1_76' title='bbox 1022 679 1246 713; x_wconf 81' lang='lat' dir='ltr'>sententiae</span> <span class='ocrx_word' id='word_1_77' title='bbox 1262 689 1362 722; x_wconf 90' lang='lat' dir='ltr'>quae</span> <span class='ocrx_word' id='word_1_78' title='bbox 1379 679 1458 714; x_wconf 86' lang='lat' dir='ltr'>sint</span> 
     </span>
     <span class='ocr_line' id='line_1_13' title="bbox 295 731 1459 777; baseline -0.002 -8"><span class='ocrx_word' id='word_1_79' title='bbox 295 735 505 769; x_wconf 90' lang='lat' dir='ltr'>coniuncta</span> <span class='ocrx_word' id='word_1_80' title='bbox 519 732 723 777; x_wconf 83' lang='lat' dir='ltr'>explicabo</span> <span class='ocrx_word' id='word_1_81' title='bbox 736 732 855 768; x_wconf 85' lang='lat' dir='ltr'>brevi.</span> <span class='ocrx_word' id='word_1_82' title='bbox 875 731 1017 768; x_wconf 87' lang='lat' dir='ltr'>Nullus</span> <span class='ocrx_word' id='word_1_83' title='bbox 1026 734 1067 767; x_wconf 92' lang='lat' dir='ltr'>in</span> <span class='ocrx_word' id='word_1_84' title='bbox 1075 733 1168 777; x_wconf 88' lang='lat' dir='ltr'>ipsis</span> <span class='ocrx_word' id='word_1_85' title='bbox 1182 744 1288 768; x_wconf 87' lang='lat' dir='ltr'>error</span> <span class='ocrx_word' id='word_1_86' title='bbox 1300 736 1361 768; x_wconf 88' lang='lat' dir='ltr'>est</span> <span class='ocrx_word' id='word_1_87' title='bbox 1374 731 1459 768; x_wconf 92' lang='lat' dir='ltr'>fini-</span> 
     </span>
     <span class='ocr_line' id='line_1_14' title="bbox 296 786 1459 832; baseline -0.001 -8"><span class='ocrx_word' id='word_1_88' title='bbox 296 789 367 824; x_wconf 86' lang='lat' dir='ltr'>bus</span> <span class='ocrx_word' id='word_1_89' title='bbox 396 788 589 823; x_wconf 88' lang='lat' dir='ltr'>bonorum</span> <span class='ocrx_word' id='word_1_90' title='bbox 616 791 657 823; x_wconf 88' lang='lat' dir='ltr'>et</span> <span class='ocrx_word' id='word_1_91' title='bbox 677 786 883 831; x_wconf 82' lang='lat' dir='ltr'>malorum,</span> <span class='ocrx_word' id='word_1_92' title='bbox 904 786 945 822; x_wconf 91' lang='lat' dir='ltr'>id</span> <span class='ocrx_word' id='word_1_93' title='bbox 965 791 1027 823; x_wconf 85' lang='lat' dir='ltr'>est</span> <span class='ocrx_word' id='word_1_94' title='bbox 1045 789 1087 822; x_wconf 87' lang='lat' dir='ltr'>in</span> <span class='ocrx_word' id='word_1_95' title='bbox 1106 786 1310 832; x_wconf 86' lang='lat' dir='ltr'>voluptate</span> <span class='ocrx_word' id='word_1_96' title='bbox 1330 791 1399 823; x_wconf 76' lang='lat' dir='ltr'>aut</span> <span class='ocrx_word' id='word_1_97' title='bbox 1418 789 1459 823; x_wconf 91' lang='lat' dir='ltr'>in</span> 
     </span>
     <span class='ocr_line' id='line_1_15' title="bbox 296 841 1460 887; baseline -0.002 -8"><span class='ocrx_word' id='word_1_98' title='bbox 296 842 443 887; x_wconf 78' lang='lat' dir='ltr'>dolore,</span> <span class='ocrx_word' id='word_1_99' title='bbox 453 842 573 879; x_wconf 89' lang='lat' dir='ltr'>sedin</span> <span class='ocrx_word' id='word_1_100' title='bbox 581 844 626 878; x_wconf 91' lang='lat' dir='ltr'>iis</span> <span class='ocrx_word' id='word_1_101' title='bbox 635 842 751 877; x_wconf 89' lang='lat' dir='ltr'>rebus</span> <span class='ocrx_word' id='word_1_102' title='bbox 761 846 929 887; x_wconf 84' lang='lat' dir='ltr'>peccant</span> <span class='ocrx_word' id='word_1_103' title='bbox 942 854 1031 877; x_wconf 88' lang='lat' dir='ltr'>cum</span> <span class='ocrx_word' id='word_1_104' title='bbox 1045 854 1066 878; x_wconf 91' lang='lat' dir='ltr'>e</span> <span class='ocrx_word' id='word_1_105' title='bbox 1080 842 1220 886; x_wconf 91' lang='lat' dir='ltr'>quibus</span> <span class='ocrx_word' id='word_1_106' title='bbox 1232 841 1330 877; x_wconf 88' lang='lat' dir='ltr'>haec</span> <span class='ocrx_word' id='word_1_107' title='bbox 1344 841 1460 877; x_wconf 85' lang='lat' dir='ltr'>effici-</span> 
     </span>
     <span class='ocr_line' id='line_1_16' title="bbox 297 895 1459 942; baseline -0.001 -9"><span class='ocrx_word' id='word_1_108' title='bbox 297 903 413 934; x_wconf 81' lang='lat' dir='ltr'>antur</span> <span class='ocrx_word' id='word_1_109' title='bbox 422 900 616 942; x_wconf 86' lang='lat' dir='ltr'>ignorant.</span> <span class='ocrx_word' id='word_1_110' title='bbox 623 896 758 932; x_wconf 85' lang='lat' dir='ltr'>Animi</span> <span class='ocrx_word' id='word_1_111' title='bbox 766 901 900 932; x_wconf 87' lang='lat' dir='ltr'>autem</span> <span class='ocrx_word' id='word_1_112' title='bbox 909 895 1132 941; x_wconf 84' lang='lat' dir='ltr'>voluptates</span> <span class='ocrx_word' id='word_1_113' title='bbox 1142 901 1181 932; x_wconf 91' lang='lat' dir='ltr'>et</span> <span class='ocrx_word' id='word_1_114' title='bbox 1191 895 1345 932; x_wconf 82' lang='lat' dir='ltr'>dolores</span> <span class='ocrx_word' id='word_1_115' title='bbox 1354 899 1459 932; x_wconf 90' lang='lat' dir='ltr'>nasci</span> 
     </span>
     <span class='ocr_line' id='line_1_17' title="bbox 297 943 1458 997; baseline -0.003 -8"><span class='ocrx_word' id='word_1_116' title='bbox 297 953 468 989; x_wconf 77' lang='lat' dir='ltr'>fatemur</span> <span class='ocrx_word' id='word_1_117' title='bbox 492 964 513 988; x_wconf 92' lang='lat' dir='ltr'>e</span> <span class='ocrx_word' id='word_1_118' title='bbox 537 953 707 997; x_wconf 87' lang='lat' dir='ltr'>corporis</span> <span class='ocrx_word' id='word_1_119' title='bbox 727 951 995 996; x_wconf 83' lang='lat' dir='ltr'>voluptatibus</span> <span class='ocrx_word' id='word_1_120' title='bbox 1020 955 1061 987; x_wconf 83' lang='lat' dir='ltr'>et</span> <span class='ocrx_word' id='word_1_121' title='bbox 1085 950 1283 987; x_wconf 87' lang='lat' dir='ltr'>doloribus</span> <span class='ocrx_word' id='word_1_122' title='bbox 1307 943 1458 995; x_wconf 89' lang='lat' dir='ltr'>(itaque</span> 
     </span>
     <span class='ocr_line' id='line_1_18' title="bbox 296 1005 1459 1051; baseline -0.002 -8"><span class='ocrx_word' id='word_1_123' title='bbox 296 1006 470 1043; x_wconf 77' lang='lat' dir='ltr'>concedo</span> <span class='ocrx_word' id='word_1_124' title='bbox 479 1006 583 1051; x_wconf 88' lang='lat' dir='ltr'>quod</span> <span class='ocrx_word' id='word_1_125' title='bbox 592 1006 709 1042; x_wconf 89' lang='lat' dir='ltr'>modo</span> <span class='ocrx_word' id='word_1_126' title='bbox 718 1005 889 1050; x_wconf 80' lang='lat' dir='ltr'>dicebas,</span> <span class='ocrx_word' id='word_1_127' title='bbox 898 1005 1038 1042; x_wconf 89' lang='lat' dir='ltr'>cadere</span> <span class='ocrx_word' id='word_1_128' title='bbox 1049 1018 1162 1041; x_wconf 87' lang='lat' dir='ltr'>causa</span> <span class='ocrx_word' id='word_1_129' title='bbox 1171 1008 1201 1042; x_wconf 89' lang='lat' dir='ltr'>si</span> <span class='ocrx_word' id='word_1_130' title='bbox 1211 1008 1277 1050; x_wconf 90' lang='lat' dir='ltr'>qui</span> <span class='ocrx_word' id='word_1_131' title='bbox 1287 1018 1307 1041; x_wconf 93' lang='lat' dir='ltr'>e</span> <span class='ocrx_word' id='word_1_132' title='bbox 1317 1008 1459 1042; x_wconf 85' lang='lat' dir='ltr'>nostris</span> 
     </span>
     <span class='ocr_line' id='line_1_19' title="bbox 296 1059 1457 1106; baseline -0.003 -7"><span class='ocrx_word' id='word_1_133' title='bbox 296 1063 411 1099; x_wconf 81' lang='lat' dir='ltr'>aliter</span> <span class='ocrx_word' id='word_1_134' title='bbox 431 1063 672 1105; x_wconf 74' lang='lat' dir='ltr'>existimant,</span> <span class='ocrx_word' id='word_1_135' title='bbox 689 1073 785 1106; x_wconf 89' lang='lat' dir='ltr'>quos</span> <span class='ocrx_word' id='word_1_136' title='bbox 805 1060 967 1106; x_wconf 88' lang='lat' dir='ltr'>quidem</span> <span class='ocrx_word' id='word_1_137' title='bbox 986 1060 1101 1096; x_wconf 81' lang='lat' dir='ltr'>video</span> <span class='ocrx_word' id='word_1_138' title='bbox 1117 1072 1201 1096; x_wconf 90' lang='lat' dir='ltr'>esse</span> <span class='ocrx_word' id='word_1_139' title='bbox 1214 1059 1372 1105; x_wconf 89' lang='lat' dir='ltr'>multos,</span> <span class='ocrx_word' id='word_1_140' title='bbox 1389 1060 1457 1096; x_wconf 86' lang='lat' dir='ltr'>sed</span> 
     </span>
     <span class='ocr_line' id='line_1_20' title="bbox 297 1108 1458 1162; baseline -0.003 -9"><span class='ocrx_word' id='word_1_141' title='bbox 297 1108 537 1162; x_wconf 81' lang='lat' dir='ltr'>imperitos);</span> <span class='ocrx_word' id='word_1_142' title='bbox 553 1128 790 1160; x_wconf 81' lang='lat' dir='ltr'>quamquam</span> <span class='ocrx_word' id='word_1_143' title='bbox 809 1119 943 1151; x_wconf 89' lang='lat' dir='ltr'>autem</span> <span class='ocrx_word' id='word_1_144' title='bbox 960 1119 1001 1151; x_wconf 82' lang='lat' dir='ltr'>et</span> <span class='ocrx_word' id='word_1_145' title='bbox 1015 1115 1208 1151; x_wconf 75' lang='lat' dir='ltr'>laetitiam</span> <span class='ocrx_word' id='word_1_146' title='bbox 1224 1115 1336 1151; x_wconf 92' lang='lat' dir='ltr'>nobis</span> <span class='ocrx_word' id='word_1_147' title='bbox 1351 1115 1458 1151; x_wconf 83' lang='lat' dir='ltr'>volu-</span> 
     </span>
     <span class='ocr_line' id='line_1_21' title="bbox 299 1169 1459 1217; baseline -0.002 -10"><span class='ocrx_word' id='word_1_148' title='bbox 299 1177 386 1217; x_wconf 81' lang='lat' dir='ltr'>ptas</span> <span class='ocrx_word' id='word_1_149' title='bbox 406 1173 526 1206; x_wconf 85' lang='lat' dir='ltr'>animi</span> <span class='ocrx_word' id='word_1_150' title='bbox 557 1175 599 1206; x_wconf 89' lang='lat' dir='ltr'>et</span> <span class='ocrx_word' id='word_1_151' title='bbox 627 1170 849 1206; x_wconf 84' lang='lat' dir='ltr'>molestiam</span> <span class='ocrx_word' id='word_1_152' title='bbox 869 1169 980 1205; x_wconf 89' lang='lat' dir='ltr'>dolor</span> <span class='ocrx_word' id='word_1_153' title='bbox 999 1169 1148 1214; x_wconf 84' lang='lat' dir='ltr'>afferat,</span> <span class='ocrx_word' id='word_1_154' title='bbox 1170 1182 1305 1206; x_wconf 89' lang='lat' dir='ltr'>eorum</span> <span class='ocrx_word' id='word_1_155' title='bbox 1324 1174 1459 1206; x_wconf 85' lang='lat' dir='ltr'>tamen</span> 
     </span>
     <span class='ocr_line' id='line_1_22' title="bbox 298 1224 1462 1271; baseline -0.002 -9"><span class='ocrx_word' id='word_1_156' title='bbox 298 1232 509 1271; x_wconf 86' lang='lat' dir='ltr'>utrumque</span> <span class='ocrx_word' id='word_1_157' title='bbox 524 1230 565 1261; x_wconf 91' lang='lat' dir='ltr'>et</span> <span class='ocrx_word' id='word_1_158' title='bbox 578 1230 707 1261; x_wconf 84' lang='lat' dir='ltr'>ortum</span> <span class='ocrx_word' id='word_1_159' title='bbox 721 1237 805 1261; x_wconf 87' lang='lat' dir='ltr'>esse</span> <span class='ocrx_word' id='word_1_160' title='bbox 819 1237 840 1261; x_wconf 90' lang='lat' dir='ltr'>e</span> <span class='ocrx_word' id='word_1_161' title='bbox 857 1237 1017 1270; x_wconf 83' lang='lat' dir='ltr'>corpore</span> <span class='ocrx_word' id='word_1_162' title='bbox 1034 1229 1074 1261; x_wconf 89' lang='lat' dir='ltr'>et</span> <span class='ocrx_word' id='word_1_163' title='bbox 1087 1224 1136 1261; x_wconf 89' lang='lat' dir='ltr'>ad</span> <span class='ocrx_word' id='word_1_164' title='bbox 1153 1237 1292 1270; x_wconf 87' lang='lat' dir='ltr'>corpus</span> <span class='ocrx_word' id='word_1_165' title='bbox 1303 1224 1440 1260; x_wconf 84' lang='lat' dir='ltr'>referri</span> <span class='ocrx_word' id='word_1_166' title='bbox 1453 1237 1462 1269; x_wconf 90' lang='lat'>;</span> 
     </span>
     <span class='ocr_line' id='line_1_23' title="bbox 297 1279 1463 1325; baseline -0.002 -8"><span class='ocrx_word' id='word_1_167' title='bbox 297 1294 372 1317; x_wconf 84' lang='lat' dir='ltr'>nec</span> <span class='ocrx_word' id='word_1_168' title='bbox 381 1281 431 1317; x_wconf 91' lang='lat' dir='ltr'>ob</span> <span class='ocrx_word' id='word_1_169' title='bbox 441 1293 527 1317; x_wconf 87' lang='lat' dir='ltr'>eam</span> <span class='ocrx_word' id='word_1_170' title='bbox 538 1293 693 1316; x_wconf 83' lang='lat' dir='ltr'>causam</span> <span class='ocrx_word' id='word_1_171' title='bbox 701 1293 780 1315; x_wconf 85' lang='lat' dir='ltr'>non</span> <span class='ocrx_word' id='word_1_172' title='bbox 789 1279 915 1315; x_wconf 89' lang='lat' dir='ltr'>multo</span> <span class='ocrx_word' id='word_1_173' title='bbox 923 1282 1089 1315; x_wconf 82' lang='lat' dir='ltr'>maiores</span> <span class='ocrx_word' id='word_1_174' title='bbox 1098 1291 1182 1315; x_wconf 90' lang='lat' dir='ltr'>esse</span> <span class='ocrx_word' id='word_1_175' title='bbox 1192 1284 1231 1316; x_wconf 89' lang='lat' dir='ltr'>et</span> <span class='ocrx_word' id='word_1_176' title='bbox 1241 1279 1463 1325; x_wconf 84' lang='lat' dir='ltr'>voluptates</span> 
     </span>
     <span class='ocr_line' id='line_1_24' title="bbox 299 1333 1461 1380; baseline -0.003 -8"><span class='ocrx_word' id='word_1_177' title='bbox 299 1341 340 1373; x_wconf 91' lang='lat' dir='ltr'>et</span> <span class='ocrx_word' id='word_1_178' title='bbox 354 1335 509 1372; x_wconf 89' lang='lat' dir='ltr'>dolores</span> <span class='ocrx_word' id='word_1_179' title='bbox 522 1337 643 1371; x_wconf 86' lang='lat' dir='ltr'>animi</span> <span class='ocrx_word' id='word_1_180' title='bbox 657 1348 773 1380; x_wconf 87' lang='lat' dir='ltr'>quam</span> <span class='ocrx_word' id='word_1_181' title='bbox 790 1336 970 1380; x_wconf 84' lang='lat' dir='ltr'>corporis.</span> <span class='ocrx_word' id='word_1_182' title='bbox 988 1334 1091 1370; x_wconf 79' lang='lat' dir='ltr'>Nam</span> <span class='ocrx_word' id='word_1_183' title='bbox 1104 1346 1264 1379; x_wconf 82' lang='lat' dir='ltr'>corpore</span> <span class='ocrx_word' id='word_1_184' title='bbox 1278 1333 1376 1369; x_wconf 91' lang='lat' dir='ltr'>nihil</span> <span class='ocrx_word' id='word_1_185' title='bbox 1390 1337 1461 1369; x_wconf 86' lang='lat' dir='ltr'>nisi</span> 
     </span>
     <span class='ocr_line' id='line_1_25' title="bbox 299 1389 1458 1436; baseline -0.003 -9"><span class='ocrx_word' id='word_1_186' title='bbox 299 1403 485 1436; x_wconf 76' lang='lat' dir='ltr'>praesens</span> <span class='ocrx_word' id='word_1_187' title='bbox 513 1394 554 1426; x_wconf 80' lang='lat' dir='ltr'>et</span> <span class='ocrx_word' id='word_1_188' title='bbox 575 1389 680 1435; x_wconf 92' lang='lat' dir='ltr'>quod</span> <span class='ocrx_word' id='word_1_189' title='bbox 708 1389 822 1426; x_wconf 86' lang='lat' dir='ltr'>adest</span> <span class='ocrx_word' id='word_1_190' title='bbox 842 1392 990 1425; x_wconf 85' lang='lat' dir='ltr'>sentire</span> <span class='ocrx_word' id='word_1_191' title='bbox 1009 1401 1226 1434; x_wconf 82' lang='lat' dir='ltr'>possumus,</span> <span class='ocrx_word' id='word_1_192' title='bbox 1247 1391 1377 1424; x_wconf 89' lang='lat' dir='ltr'>animo</span> <span class='ocrx_word' id='word_1_193' title='bbox 1397 1402 1458 1425; x_wconf 87' lang='lat' dir='ltr'>au-</span> 
     </span>
     <span class='ocr_line' id='line_1_26' title="bbox 298 1443 1463 1490; baseline -0.003 -8"><span class='ocrx_word' id='word_1_194' title='bbox 298 1451 381 1482; x_wconf 89' lang='lat' dir='ltr'>tem</span> <span class='ocrx_word' id='word_1_195' title='bbox 404 1450 446 1482; x_wconf 83' lang='lat' dir='ltr'>et</span> <span class='ocrx_word' id='word_1_196' title='bbox 465 1447 682 1490; x_wconf 82' lang='lat' dir='ltr'>praeterita</span> <span class='ocrx_word' id='word_1_197' title='bbox 702 1449 744 1481; x_wconf 86' lang='lat' dir='ltr'>et</span> <span class='ocrx_word' id='word_1_198' title='bbox 764 1444 905 1480; x_wconf 86' lang='lat' dir='ltr'>futura.</span> <span class='ocrx_word' id='word_1_199' title='bbox 932 1444 987 1481; x_wconf 83' lang='lat' dir='ltr'>Ut</span> <span class='ocrx_word' id='word_1_200' title='bbox 1002 1447 1108 1480; x_wconf 90' lang='lat' dir='ltr'>enim</span> <span class='ocrx_word' id='word_1_201' title='bbox 1121 1456 1245 1489; x_wconf 84' lang='lat' dir='ltr'>aeque</span> <span class='ocrx_word' id='word_1_202' title='bbox 1262 1443 1463 1480; x_wconf 76' lang='lat' dir='ltr'>doleamus</span> 
     </span>
     <span class='ocr_line' id='line_1_27' title="bbox 300 1491 1464 1545; baseline -0.002 -9"><span class='ocrx_word' id='word_1_203' title='bbox 300 1491 498 1545; x_wconf 76' lang='lat' dir='ltr'>[animo],¹</span> <span class='ocrx_word' id='word_1_204' title='bbox 514 1512 603 1536; x_wconf 91' lang='lat' dir='ltr'>cum</span> <span class='ocrx_word' id='word_1_205' title='bbox 620 1512 780 1544; x_wconf 86' lang='lat' dir='ltr'>corpore</span> <span class='ocrx_word' id='word_1_206' title='bbox 797 1498 989 1541; x_wconf 87' lang='lat' dir='ltr'>dolemus,</span> <span class='ocrx_word' id='word_1_207' title='bbox 1006 1498 1088 1534; x_wconf 81' lang='lat' dir='ltr'>fieri</span> <span class='ocrx_word' id='word_1_208' title='bbox 1101 1503 1234 1535; x_wconf 89' lang='lat' dir='ltr'>tamen</span> <span class='ocrx_word' id='word_1_209' title='bbox 1249 1511 1464 1544; x_wconf 84' lang='lat' dir='ltr'>permagna</span> 
     </span>
     <span class='ocr_line' id='line_1_28' title="bbox 300 1553 1464 1602; baseline -0.001 -15"><span class='ocrx_word' id='word_1_210' title='bbox 300 1555 471 1588; x_wconf 85' lang='lat' dir='ltr'>accessio</span> <span class='ocrx_word' id='word_1_211' title='bbox 482 1557 615 1601; x_wconf 90' lang='lat' dir='ltr'>potest</span> <span class='ocrx_word' id='word_1_212' title='bbox 625 1555 655 1588; x_wconf 87' lang='lat' dir='ltr'>si</span> <span class='ocrx_word' id='word_1_213' title='bbox 663 1553 822 1602; x_wconf 85' lang='lat' dir='ltr'>aliquod</span> <span class='ocrx_word' id='word_1_214' title='bbox 832 1557 1039 1588; x_wconf 83' lang='lat' dir='ltr'>aeternum</span> <span class='ocrx_word' id='word_1_215' title='bbox 1049 1557 1090 1588; x_wconf 81' lang='lat' dir='ltr'>et</span> <span class='ocrx_word' id='word_1_216' title='bbox 1098 1553 1297 1588; x_wconf 81' lang='lat' dir='ltr'>infinitum</span> <span class='ocrx_word' id='word_1_217' title='bbox 1312 1553 1464 1599; x_wconf 87' lang='lat' dir='ltr'>impen-</span> 
     </span>
    </p>
   </div>
   <div class='ocr_carea' id='block_1_4' title="bbox 344 1618 1462 1660">
    <p class='ocr_par' dir='ltr' id='par_1_6' title="bbox 344 1618 1462 1660">
     <span class='ocr_line' id='line_1_29' title="bbox 344 1618 1462 1660; baseline 0.001 -11"><span class='ocrx_word' id='word_1_218' title='bbox 344 1619 356 1638; x_wconf 72' lang='lat'>1</span> <span class='ocrx_word' id='word_1_219' title='bbox 381 1619 525 1660; x_wconf 79' lang='lat' dir='ltr'>[animo]</span> <span class='ocrx_word' id='word_1_220' title='bbox 545 1620 739 1651; x_wconf 83' lang='lat' dir='ltr'>bracketed</span> <span class='ocrx_word' id='word_1_221' title='bbox 756 1620 805 1660; x_wconf 91' lang='lat' dir='ltr'>by</span> <span class='ocrx_word' id='word_1_222' title='bbox 822 1620 920 1650; x_wconf 84' lang='lat' dir='ltr'>Mdv.</span> <span class='ocrx_word' id='word_1_223' title='bbox 934 1629 941 1655; x_wconf 88' lang='lat'>;</span> <span class='ocrx_word' id='word_1_224' title='bbox 969 1623 1014 1651; x_wconf 83' lang='lat' dir='ltr'>tr.</span> <span class='ocrx_word' id='word_1_225' title='bbox 1028 1619 1124 1651; x_wconf 81' lang='lat' dir='ltr'>after</span> <span class='ocrx_word' id='word_1_226' title='bbox 1139 1623 1252 1650; x_wconf 78' lang='lat' dir='ltr'>tamen</span> <span class='ocrx_word' id='word_1_227' title='bbox 1268 1619 1316 1659; x_wconf 89' lang='lat' dir='ltr'>by</span> <span class='ocrx_word' id='word_1_228' title='bbox 1332 1618 1462 1650; x_wconf 86' lang='lat' dir='ltr'>Robin.</span> 
     </span>
    </p>
   </div>
   <div class='ocr_carea' id='block_1_5' title="bbox 300 1674 372 1680">
    <p class='ocr_par' dir='ltr' id='par_1_7' title="bbox 300 1674 372 1680">
     <span class='ocr_line' id='line_1_30' title="bbox 300 1674 372 1680; baseline 0 0"><span class='ocrx_word' id='word_1_229' title='bbox 300 1674 372 1680; x_wconf 95' lang='lat' dir='ltr'> </span> 
     </span>
    </p>
   </div>
   <div class='ocr_carea' id='block_1_6' title="bbox 577 1671 1123 1677">
    <p class='ocr_par' dir='ltr' id='par_1_8' title="bbox 577 1671 1123 1677">
     <span class='ocr_line' id='line_1_31' title="bbox 577 1671 1123 1677; baseline 0 0"><span class='ocrx_word' id='word_1_230' title='bbox 577 1671 1123 1677; x_wconf 95' lang='lat' dir='ltr'> </span> 
     </span>
    </p>
   </div>
   <div class='ocr_carea' id='block_1_7' title="bbox 294 1689 1466 2032">
    <p class='ocr_par' dir='ltr' id='par_1_9' title="bbox 294 1689 1466 1989">
     <span class='ocr_line' id='line_1_32' title="bbox 338 1689 1466 1730; baseline 0.001 -10"><span class='ocrx_word' id='word_1_231' title='bbox 338 1696 354 1713; x_wconf 79' lang='lat' dir='ltr'>a</span> <span class='ocrx_word' id='word_1_232' title='bbox 367 1690 454 1720; x_wconf 86' lang='lat' dir='ltr'>This</span> <span class='ocrx_word' id='word_1_233' title='bbox 470 1690 619 1730; x_wconf 79' lang='lat' dir='ltr'>chapter</span> <span class='ocrx_word' id='word_1_234' title='bbox 630 1700 784 1730; x_wconf 80' lang='lat' dir='ltr'>appears</span> <span class='ocrx_word' id='word_1_235' title='bbox 798 1694 833 1719; x_wconf 82' lang='lat' dir='ltr'>to</span> <span class='ocrx_word' id='word_1_236' title='bbox 847 1689 889 1719; x_wconf 91' lang='lat' dir='ltr'>be</span> <span class='ocrx_word' id='word_1_237' title='bbox 903 1700 948 1720; x_wconf 87' lang='lat' dir='ltr'>an</span> <span class='ocrx_word' id='word_1_238' title='bbox 961 1689 1206 1729; x_wconf 85' lang='lat' dir='ltr'>unintelligent</span> <span class='ocrx_word' id='word_1_239' title='bbox 1218 1690 1410 1730; x_wconf 79' lang='lat' dir='ltr'>transcript</span> <span class='ocrx_word' id='word_1_240' title='bbox 1426 1689 1466 1721; x_wconf 90' lang='lat' dir='ltr'>of</span> 
     </span>
     <span class='ocr_line' id='line_1_33' title="bbox 296 1732 1461 1773; baseline -0.001 -9"><span class='ocrx_word' id='word_1_241' title='bbox 296 1744 319 1765; x_wconf 80' lang='lat' dir='ltr'>a</span> <span class='ocrx_word' id='word_1_242' title='bbox 350 1742 530 1773; x_wconf 76' lang='lat' dir='ltr'>summai-y</span> <span class='ocrx_word' id='word_1_243' title='bbox 557 1732 597 1762; x_wconf 88' lang='lat' dir='ltr'>of</span> <span class='ocrx_word' id='word_1_244' title='bbox 623 1733 682 1762; x_wconf 85' lang='lat' dir='ltr'>the</span> <span class='ocrx_word' id='word_1_245' title='bbox 712 1733 910 1772; x_wconf 84' lang='lat' dir='ltr'>Epicurean</span> <span class='ocrx_word' id='word_1_246' title='bbox 938 1742 1098 1763; x_wconf 71' lang='lat' dir='ltr'>answers</span> <span class='ocrx_word' id='word_1_247' title='bbox 1125 1738 1161 1763; x_wconf 82' lang='lat' dir='ltr'>to</span> <span class='ocrx_word' id='word_1_248' title='bbox 1188 1733 1247 1763; x_wconf 88' lang='lat' dir='ltr'>the</span> <span class='ocrx_word' id='word_1_249' title='bbox 1278 1732 1461 1773; x_wconf 82' lang='lat' dir='ltr'>following</span> 
     </span>
     <span class='ocr_line' id='line_1_34' title="bbox 298 1774 1459 1817; baseline -0.001 -9"><span class='ocrx_word' id='word_1_250' title='bbox 298 1775 475 1817; x_wconf 81' lang='lat' dir='ltr'>Cyrenaic</span> <span class='ocrx_word' id='word_1_251' title='bbox 503 1775 711 1806; x_wconf 82' lang='lat' dir='ltr'>criticisms:</span> <span class='ocrx_word' id='word_1_252' title='bbox 736 1775 784 1814; x_wconf 79' lang='grc' dir='ltr'>(ι)</span> <span class='ocrx_word' id='word_1_253' title='bbox 811 1776 975 1816; x_wconf 82' lang='lat' dir='ltr'>pleasure</span> <span class='ocrx_word' id='word_1_254' title='bbox 1004 1775 1033 1806; x_wconf 89' lang='lat' dir='ltr'>is</span> <span class='ocrx_word' id='word_1_255' title='bbox 1060 1774 1264 1806; x_wconf 86' lang='lat' dir='ltr'>sometimes</span> <span class='ocrx_word' id='word_1_256' title='bbox 1291 1775 1459 1817; x_wconf 81' lang='lat' dir='ltr'>rejected,</span> 
     </span>
     <span class='ocr_line' id='line_1_35' title="bbox 295 1818 1457 1860; baseline -0.002 -9"><span class='ocrx_word' id='word_1_257' title='bbox 295 1819 416 1859; x_wconf 78' lang='lat' dir='ltr'>owing</span> <span class='ocrx_word' id='word_1_258' title='bbox 433 1824 468 1849; x_wconf 88' lang='lat' dir='ltr'>to</span> <span class='ocrx_word' id='word_1_259' title='bbox 484 1819 615 1849; x_wconf 82' lang='lat' dir='ltr'>mental</span> <span class='ocrx_word' id='word_1_260' title='bbox 639 1818 855 1859; x_wconf 81' lang='lat' dir='ltr'>perversion,</span> <span class='ocrx_word' id='word_1_261' title='bbox 876 1819 922 1857; x_wconf 89' lang='lat'>(2)</span> <span class='ocrx_word' id='word_1_262' title='bbox 945 1819 992 1849; x_wconf 83' lang='lat' dir='ltr'>all</span> <span class='ocrx_word' id='word_1_263' title='bbox 1015 1819 1178 1858; x_wconf 82' lang='lat' dir='ltr'>pleasure</span> <span class='ocrx_word' id='word_1_264' title='bbox 1199 1819 1228 1849; x_wconf 89' lang='lat' dir='ltr'>is</span> <span class='ocrx_word' id='word_1_265' title='bbox 1250 1824 1310 1849; x_wconf 81' lang='lat' dir='ltr'>not</span> <span class='ocrx_word' id='word_1_266' title='bbox 1328 1819 1457 1860; x_wconf 83' lang='lat' dir='ltr'>bodily,</span> 
     </span>
     <span class='ocr_line' id='line_1_36' title="bbox 296 1862 1461 1903; baseline -0.001 -10"><span class='ocrx_word' id='word_1_267' title='bbox 296 1862 345 1902; x_wconf 82' lang='lat'>(3)</span> <span class='ocrx_word' id='word_1_268' title='bbox 369 1862 488 1903; x_wconf 84' lang='lat' dir='ltr'>bodily</span> <span class='ocrx_word' id='word_1_269' title='bbox 512 1862 695 1902; x_wconf 74' lang='lat' dir='ltr'>pleasures</span> <span class='ocrx_word' id='word_1_270' title='bbox 719 1872 780 1892; x_wconf 77' lang='lat' dir='ltr'>are</span> <span class='ocrx_word' id='word_1_271' title='bbox 807 1865 975 1901; x_wconf 82' lang='lat' dir='ltr'>stronger</span> <span class='ocrx_word' id='word_1_272' title='bbox 1004 1862 1091 1892; x_wconf 78' lang='lat' dir='ltr'>than</span> <span class='ocrx_word' id='word_1_273' title='bbox 1122 1862 1254 1892; x_wconf 81' lang='lat' dir='ltr'>mental</span> <span class='ocrx_word' id='word_1_274' title='bbox 1281 1872 1378 1899; x_wconf 87' lang='lat' dir='ltr'>ones,</span> <span class='ocrx_word' id='word_1_275' title='bbox 1411 1863 1461 1902; x_wconf 72' lang='lat'>(4)</span> 
     </span>
     <span class='ocr_line' id='line_1_37' title="bbox 295 1903 1459 1946; baseline -0.002 -9"><span class='ocrx_word' id='word_1_276' title='bbox 295 1906 448 1937; x_wconf 86' lang='lat' dir='ltr'>absence</span> <span class='ocrx_word' id='word_1_277' title='bbox 462 1904 501 1935; x_wconf 93' lang='lat' dir='ltr'>of</span> <span class='ocrx_word' id='word_1_278' title='bbox 513 1905 594 1945; x_wconf 80' lang='lat' dir='ltr'>pain</span> <span class='ocrx_word' id='word_1_279' title='bbox 613 1904 642 1935; x_wconf 87' lang='lat' dir='ltr'>is</span> <span class='ocrx_word' id='word_1_280' title='bbox 659 1909 718 1934; x_wconf 87' lang='lat' dir='ltr'>not</span> <span class='ocrx_word' id='word_1_281' title='bbox 733 1906 904 1944; x_wconf 78' lang='lat' dir='ltr'>pleasure,</span> <span class='ocrx_word' id='word_1_282' title='bbox 918 1903 966 1944; x_wconf 76' lang='lat'>(5)</span> <span class='ocrx_word' id='word_1_283' title='bbox 977 1914 1133 1946; x_wconf 82' lang='lat' dir='ltr'>memory</span> <span class='ocrx_word' id='word_1_284' title='bbox 1146 1904 1215 1936; x_wconf 86' lang='lat' dir='ltr'>and</span> <span class='ocrx_word' id='word_1_285' title='bbox 1228 1904 1459 1946; x_wconf 83' lang='lat' dir='ltr'>anticipation</span> 
     </span>
     <span class='ocr_line' id='line_1_38' title="bbox 294 1948 964 1989; baseline -0.001 -9"><span class='ocrx_word' id='word_1_286' title='bbox 294 1949 334 1980; x_wconf 92' lang='lat' dir='ltr'>of</span> <span class='ocrx_word' id='word_1_287' title='bbox 345 1949 510 1988; x_wconf 79' lang='lat' dir='ltr'>pleasure</span> <span class='ocrx_word' id='word_1_288' title='bbox 527 1958 588 1979; x_wconf 81' lang='lat' dir='ltr'>are</span> <span class='ocrx_word' id='word_1_289' title='bbox 605 1951 665 1978; x_wconf 87' lang='lat' dir='ltr'>not</span> <span class='ocrx_word' id='word_1_290' title='bbox 683 1948 754 1978; x_wconf 84' lang='lat' dir='ltr'>real</span> <span class='ocrx_word' id='word_1_291' title='bbox 772 1948 964 1989; x_wconf 78' lang='lat' dir='ltr'>pleasures.</span> 
     </span>
    </p>

    <p class='ocr_par' dir='ltr' id='par_1_10' title="bbox 335 1990 660 2032">
     <span class='ocr_line' id='line_1_39' title="bbox 335 1990 660 2032; baseline 0.003 -10"><span class='ocrx_word' id='word_1_292' title='bbox 335 1990 353 2014; x_wconf 80' lang='lat' dir='ltr'>b</span> <span class='ocrx_word' id='word_1_293' title='bbox 365 1991 430 2022; x_wconf 74' lang='lat' dir='ltr'>See</span> <span class='ocrx_word' id='word_1_294' title='bbox 447 1993 463 2029; x_wconf 65' lang='grc' dir='ltr'>ξ</span> <span class='ocrx_word' id='word_1_295' title='bbox 481 2000 519 2032; x_wconf 80' lang='lat'>25</span> <span class='ocrx_word' id='word_1_296' title='bbox 534 1990 660 2023; x_wconf 78' lang='lat' dir='ltr'>above.</span> 
     </span>
    </p>
   </div>
   <div class='ocr_carea' id='block_1_8' title="bbox 403 2045 450 2078">
    <p class='ocr_par' dir='ltr' id='par_1_11' title="bbox 403 2045 450 2078">
     <span class='ocr_line' id='line_1_40' title="bbox 403 2045 450 2078; baseline 0 0"><span class='ocrx_word' id='word_1_297' title='bbox 403 2045 450 2078; x_wconf 86' lang='lat'>58</span> 
     </span>
    </p>
   </div>
  </div>
 </body>
</html>
