1574 2364
218 1142 264 1176 12

602 177 800 217 CICERO
831 177 905 215 DE
934 178 1154 217 FINIBUS

296 258 423 296 solum
438 257 489 295 ad
504 260 680 305 privatae
695 260 801 295 vitae
817 260 1025 303 rationem,
1041 257 1112 295 sed
1127 260 1248 295 etiam
1263 257 1313 295 ad
1332 271 1464 296 rerum

297 314 543 360 publicarum
562 315 782 350 rectionem
805 312 940 349 relata.
1001 313 1192 350 Omnium
1216 312 1300 350 fere
1326 316 1463 350 civita-

296 374 383 406 tum
414 381 495 405 non
528 368 718 405 Graeciae
750 367 889 413 solum,
919 367 990 404 sed
1022 370 1143 404 etiam
1175 368 1376 405 barbariae
1411 369 1461 405 ab

297 423 514 461 Aristotele
530 435 672 468 mores,
685 425 881 468 instituta,
895 422 1134 468 disciplinas,
1148 436 1171 459 a
1185 422 1460 469 Theophrasto

296 479 406 524 leges
439 481 559 515 etiam
590 480 855 523 cognovimus.
916 477 1094 522 Cumque
1125 482 1294 523 uterque
1324 491 1459 515 eorum

298 533 498 570 docuisset
517 532 675 578 qualem
695 535 736 568 in
756 545 798 569 re
818 531 977 578 publica
995 534 1216 578 principem
1237 525 1346 570 esse¹
1368 546 1459 569 con-

298 591 466 633 veniret,
493 587 671 633 pluribus
698 592 906 633 praeterea
934 590 1231 633 conscripsisset
1258 590 1325 633 qui
1353 593 1459 625 esset

296 647 469 689 optimus
493 645 550 679 rei
573 642 755 688 publicae
780 647 919 687 status,
940 641 1015 678 hoe
1041 642 1209 688 amplius
1229 642 1458 689 Theophra-

296 704 394 743 stus,
409 710 509 744 quae
531 702 665 734 essent
684 699 724 733 in
745 710 786 733 re
803 696 961 742 publica
977 710 1107 733 rerum
1123 697 1400 735 inclinationes
1417 703 1459 735 et

295 758 499 790 momenta
527 757 751 798 temporum
781 752 922 797 quibus
952 757 1057 788 esset
1086 752 1371 790 moderandum
1395 758 1458 789 ut-

296 821 465 854 cumque
485 820 547 844 res
567 806 796 853 postularet.
844 807 958 843 Vitae
979 811 1114 843 autem
1134 806 1343 853 degendae
1359 810 1458 844 ratio

295 865 465 900 maxime
496 862 573 898 illis
604 861 766 907 quidem
797 861 946 907 placuit
976 864 1124 907 quieta,
1144 864 1185 898 in
1214 862 1457 908 contempla-

294 921 404 955 tione
426 922 467 955 et
491 919 718 962 cognitione
743 919 872 962 posita
896 929 1040 960 rerum,
1061 929 1160 962 quae
1182 920 1273 963 quia
1293 917 1458 954 deorum

295 976 400 1011 vitae
431 977 517 1009 erat
548 971 757 1016 simillima,
791 974 972 1016 sapiente
1005 974 1085 1008 visa
1119 976 1181 1008 est
1214 971 1454 1017 dignissima.

295 1027 430 1074 Atque
446 1027 507 1064 his
524 1026 574 1063 de
590 1027 707 1063 rebus
724 1031 765 1062 et
781 1026 990 1071 splendida
1008 1031 1069 1063 est
1085 1039 1220 1063 eorum
1237 1032 1279 1064 et
1295 1027 1458 1064 illustris

294 1085 429 1120 oratio.

350 1138 394 1173 V.
428 1127 524 1173 “De
541 1149 693 1173 summo
708 1140 843 1172 autem
859 1136 962 1172 bono
979 1138 1070 1181 quia
1086 1136 1164 1172 duo
1179 1148 1328 1182 genera
1339 1136 1458 1173 libro-

294 1206 381 1229 rum
398 1197 504 1236 sunt,
516 1205 639 1227 unum
654 1191 897 1237 populariter
913 1193 1103 1236 scriptum
1117 1191 1221 1236 quod
1244 1187 1458 1237 ἐξωτερικόν

295 1247 564 1293 appellabant,
585 1246 755 1282 alterum
775 1245 949 1282 limatius
970 1245 1075 1291 quod
1101 1248 1143 1282 in
1163 1249 1456 1283 commentariis

294 1302 554 1347 reliquerunt,
576 1313 655 1337 non
680 1313 837 1346 semper
860 1300 967 1337 idem
992 1300 1125 1338 dicere
1145 1300 1352 1345 videntur3
1381 1314 1456 1338 nec

294 1360 335 1393 in
356 1369 508 1393 summa
528 1361 663 1392 tamen
684 1358 767 1400 ipsa
788 1360 858 1391 aut
878 1358 1045 1392 varietas
1066 1361 1128 1392 est
1146 1355 1240 1401 ulla,
1260 1355 1364 1401 apud
1386 1355 1457 1392 hos

295 1411 456 1458 quidem
472 1423 568 1456 quos
583 1412 794 1454 nominavi,
807 1415 876 1446 aut
891 1413 996 1446 inter
1011 1412 1115 1455 ipsos
1131 1410 1332 1448 dissensio.
1376 1410 1454 1448 Sed

295 1480 385 1504 cum
405 1467 522 1502 beata
541 1467 622 1501 vita
641 1469 852 1510 quaeratur
867 1464 986 1510 idque
1003 1467 1053 1501 sit
1069 1478 1191 1501 unum
1207 1466 1313 1511 quod
1329 1465 1455 1511 philo-

295 1521 432 1567 sophia
452 1525 631 1567 spectare
652 1524 694 1556 et
714 1522 824 1565 sequi
845 1519 1005 1564 debeat,
1026 1522 1129 1556 sitne
1151 1533 1197 1556 ea
1216 1525 1300 1556 tota
1320 1523 1394 1556 sita
1414 1522 1454 1556 in

293 1580 494 1622 potestate
516 1576 704 1621 sapientis
725 1587 775 1610 an
795 1576 920 1620 possit
939 1579 1008 1611 aut
1027 1574 1257 1611 labefactari
1272 1579 1341 1611 aut
1358 1577 1454 1620 eripi

295 1631 412 1668 rebus
431 1629 617 1675 adversis,
638 1632 678 1665 in
700 1642 746 1666 eo
767 1642 1065 1674 nonnumquam
1093 1632 1231 1665 variari
1258 1632 1364 1666 inter
1391 1642 1458 1666 eos

294 1691 339 1723 et
377 1684 549 1722 dubitari
587 1683 754 1720 videtur.
814 1683 932 1729 Quod
971 1687 1141 1721 maxime
1177 1684 1295 1721 efficit
1328 1684 1457 1721 Theo-

656 1796 669 1816 ¹
681 1807 751 1828 esse
765 1795 921 1828 inserted
938 1796 984 1839 by
1001 1796 1080 1829 edd.

336 1949 434 1981 nNot
451 1949 532 1989 only
548 1948 607 1978 the
630 1949 754 1978 extant
778 1946 945 1977 treatises
969 1957 1013 1977 on
1039 1946 1161 1977 Ethies
1186 1946 1246 1977 but
1270 1947 1329 1978 the
1346 1947 1456 1978 whole

292 1993 333 2024 of
360 1994 417 2024 the
447 1995 571 2023 extant
602 1990 724 2021 works
755 1989 795 2020 of
820 1989 1004 2027 Aristotle,
1038 1993 1165 2030 except
1196 1990 1254 2020 the
1287 1990 1457 2031 recently-

293 2035 498 2068 discovered
525 2033 710 2065 Athenian
745 2032 994 2077 Constitution,
1024 2032 1155 2073 belong
1185 2036 1223 2064 to
1250 2032 1319 2064 this
1350 2033 1456 2064 latter

293 2081 398 2110 class.

398 2133 475 2164 402
