1574 2364
227 756 270 788 15

610 145 806 184 CICERO
837 145 912 182 DE
942 146 1162 185 FINIBUS

300 231 343 264 et
364 239 453 263 eum
476 227 542 271 qui

521 296 638 333 Nunc
660 294 821 333 demum
841 295 939 333 mihi
959 299 1112 334 animus
1133 297 1260 345 ardet,

302 380 468 413 quorum
495 366 596 403 alter
623 367 777 403 laetitia
802 370 962 414 gestiat,
983 367 1084 405 alter
1104 367 1239 406 dolore
1260 372 1469 417 crucietur,

302 435 387 459 esse
407 422 520 458 illum
539 421 735 458 medium:

303 476 552 522 Quamquam
562 476 659 513 haec
673 479 779 514 inter
791 489 861 514 nos
874 489 1001 523 nuper
1013 480 1156 515 notitia
1167 478 1381 517 admodum
1394 484 1468 525 est,

302 534 369 577 qui
390 545 464 568 nec
484 531 658 568 laetetur
673 544 747 568 nec
760 536 949 577 angatur3
970 534 1147 578 itemque
1167 535 1274 571 inter
1289 547 1380 571 eum
1400 536 1466 581 qui

303 589 478 632 potiatur
505 589 675 632 corporis
707 589 895 632 expetitis
915 586 1185 634 voluptatibus
1212 593 1254 625 et
1285 602 1376 626 eum
1400 591 1467 635 qui

302 644 552 678 excrucietur
572 644 734 678 summis
761 641 959 678 doloribus
980 655 1065 678 esse
1086 655 1177 679 eum
1204 645 1270 689 qui
1297 648 1466 689 utroque

301 701 442 733 careat.

435 742 624 788 “Satisne
642 752 763 796 igitur
781 750 915 788 videor
932 753 1009 788 vim
1026 752 1234 789 verborum
1249 757 1402 799 tenere,
1418 766 1467 790 an

302 818 388 843 sum
409 808 530 843 etiam
550 818 655 842 nunc
677 805 740 842 vel
763 806 914 843 Graece
934 806 1042 852 loqui
1063 806 1125 843 vel
1152 807 1296 845 Latine
1323 807 1468 845 docen-

302 860 399 898 dus?
457 860 510 897 Et
530 864 665 897 tamen
686 860 776 897 vide
797 873 861 906 ne,
878 863 909 898 si
930 873 1005 907 ego
1025 874 1104 898 non
1125 862 1358 909 intellegam
1374 862 1469 909 quid

304 915 496 961 Epicurus
515 914 713 961 loquatur,
734 928 823 952 cum
844 916 998 953 Graece
1017 920 1063 953 ut
1083 916 1218 954 videor
1244 917 1469 955 luculenter

302 973 436 1016 sciam,
456 973 507 1007 sit
526 969 657 1015 aliqua
677 969 792 1015 culpa
819 972 902 1007 eius
930 972 997 1016 qui
1023 973 1079 1007 ita
1106 970 1290 1017 loquatur
1317 977 1362 1009 ut
1388 985 1467 1009 non

302 1024 571 1070 intellegatur
632 1024 751 1070 Quod
771 1024 924 1061 duobus
948 1025 1074 1062 modis
1101 1028 1186 1062 sine
1212 1029 1467 1087 reprensione

304 1080 359 1125 fit,
381 1082 411 1116 si
432 1084 501 1116 aut
520 1078 570 1116 de
592 1079 784 1116 industria
804 1079 935 1124 facias,
960 1084 1004 1116 ut
1031 1072 1309 1142 Heraclitus‚‘
1323 1094 1467 1128 cogno-

303 1139 440 1171 mento
476 1136 543 1179 qui
578 1150 730 1171 σκοτειι
733 1133 769 1174 ός
807 1134 1063 1180 perhibetur,y
1102 1138 1194 1181 quia
1230 1126 1297 1172 ‘de
1327 1141 1468 1173 natura

304 1192 418 1226 nimis
439 1189 602 1226 obscure
622 1188 879 1235 memoravit,'
900 1194 970 1226 aut
985 1202 1074 1226 cum
1089 1202 1220 1226 rerum
1240 1191 1468 1236 obscuritas,

304 1257 382 1280 non
405 1244 624 1288 verborum,
642 1243 737 1280 facit
756 1248 801 1280 ut
821 1257 900 1280 non
917 1244 1175 1290 intellegatur
1190 1248 1326 1290 oratio,
1344 1246 1469 1292 qualis

305 1304 367 1335 est
386 1301 426 1335 in
447 1298 608 1335 Timaeo
632 1298 815 1335 Platonis.
876 1299 1069 1345 Epicurus
1088 1304 1236 1346 autem,
1252 1305 1298 1337 ut
1318 1303 1470 1346 opinor,

304 1367 379 1390 nec
400 1366 480 1389 non
501 1353 586 1389 vult
606 1355 637 1389 si
665 1355 787 1398 possit
814 1352 931 1398 plane
956 1358 998 1390 et
1020 1359 1159 1399 aperte
1181 1354 1302 1400 loqui,
1322 1368 1397 1392 nec
1417 1355 1468 1392 de

304 1421 346 1445 re
367 1408 542 1453 obscura,
559 1412 604 1444 ut
624 1407 788 1453 physici,
803 1413 873 1445 aut
887 1408 1106 1454 artificiosa,
1123 1414 1169 1445 ut
1183 1409 1470 1455 mathematici,

304 1463 373 1500 sed
401 1463 451 1500 de
479 1462 622 1499 illustri
650 1467 692 1499 et
718 1461 823 1499 facili
852 1467 894 1500 et
920 1465 997 1499 iam
1024 1465 1065 1499 in
1088 1463 1228 1509 vulgus
1255 1469 1468 1511 pervagata

303 1518 487 1563 loquitur.
547 1516 798 1563 Quamquam
829 1530 909 1554 non
940 1520 1096 1563 negatis
1126 1531 1197 1555 nos
1229 1518 1466 1565 intellegere

304 1572 399 1619 quid
419 1575 470 1610 sit
490 1572 682 1618 voluptas,
701 1571 771 1609 sed
792 1572 887 1617 quid
913 1572 980 1609 ille
1000 1572 1126 1617 dicat;
1155 1585 1177 1610 e
1205 1586 1282 1618 quo
1302 1573 1467 1611 efficitur

347 1650 449 1682 aThe
466 1649 541 1681 first
558 1650 743 1690 quotation
761 1649 789 1680 is
810 1649 901 1680 from
924 1660 970 1680 an
992 1650 1169 1681 unknown
1193 1651 1304 1682 comic
1326 1651 1466 1689 writer;

304 1695 364 1726 the
387 1693 519 1725 second
543 1693 632 1723 from
657 1692 835 1724 Caecilius
858 1693 1007 1730 Statius,
1034 1693 1112 1724 ubo
1136 1694 1261 1725 makes
1284 1704 1306 1724 a
1332 1694 1467 1736 ‘heavy

305 1736 438 1769 father'
456 1746 522 1777 say
542 1735 668 1766 ‘Nunc
691 1735 783 1766 enim
806 1735 946 1766 demum
972 1736 1053 1766 mihi
1078 1736 1217 1767 animus
1240 1737 1355 1775 ardet,
1375 1748 1466 1769 nunc

305 1790 419 1812 meum
436 1789 497 1810 cor
512 1779 732 1810 cumulatur'
726 1789 778 1809 ira
790 1777 981 1819 '(qu0ted
975 1788 1007 1809 in
1023 1778 1083 1809 full
1096 1778 1141 1820 by
1155 1779 1281 1811 Cicero
1292 1784 1357 1822 pro
1373 1780 1462 1812 Cael.

303 1823 379 1864 37);
404 1823 464 1853 the
487 1821 605 1852 third
598 1832 627 1852 is
644 1821 733 1852 from
758 1821 927 1858 Terence,
948 1821 1209 1860 Heautontim„
1227 1822 1247 1853 1.
1271 1832 1297 1859 1,
1317 1822 1358 1853 cf.
1382 1823 1396 1854 1
1414 1824 1466 1864 §3

303 1867 441 1898 above:
461 1864 644 1896 Chremes’
660 1864 744 1895 mild
768 1864 916 1896 interest
940 1864 973 1896 in
997 1864 1052 1896 his
1076 1874 1153 1895 new
1176 1864 1387 1906 neighbour,
1407 1867 1465 1897 the

303 1909 614 1945 Self·T0rmentor‚
633 1906 663 1938 is
680 1908 801 1938 rather
817 1907 925 1948 oddly
942 1907 1127 1939 instanced
1140 1917 1182 1939 as
1194 1918 1239 1939 an
1252 1909 1463 1940 illustr-atlon

303 1952 409 1983 ofthe
424 1951 561 1982 neutral
575 1951 668 1982 state
682 1950 721 1981 of
730 1950 883 1982 emotion
897 1950 1143 1982 intermediate
1158 1949 1317 1982 between
1331 1952 1461 1983 mental

302 1997 464 2036 pleasure
481 1993 551 2024 and
569 1993 663 2034 pain.

341 2037 358 2060 b
371 2038 446 2069 The
463 2037 646 2078 quotation
664 2036 693 2068 is
708 2035 869 2078 possibly
886 2036 977 2068 from
995 2035 1156 2068 Lucilius.

403 2091 454 2130 94
