1574 2364
213 807 234 841 <ab

240 808 261 839 Ν)

215 1813 264 1847 33

599 129 794 167 CICERO
826 129 900 166 DE
931 129 1150 168 FINIBUS

291 215 419 248 vestra
446 214 548 247 sunt.
600 208 728 254 Quam
756 209 882 246 multa
905 210 1066 246 vitiosa!
1116 210 1322 247 Summum
1352 213 1458 248 enim

291 287 438 323 bonum
486 289 529 322 et.
575 284 723 321 malum
770 287 932 330 vagiens
979 297 1078 330 puer
1124 290 1211 322 utra
1255 285 1460 331 voluptate

291 360 537 404 diiudicabit,
575 364 707 395 stante
745 372 796 395 an
833 360 1053 396 movente?
1093 363 1291 405 quoniam,
1332 363 1363 397 si
1401 360 1461 397 dis

292 436 435 481 placet,
465 435 514 470 ab
544 435 715 480 Epicuro
743 434 851 479 loqui
880 434 1076 471 discimus.
1137 435 1176 472 Si
1211 440 1356 480 stante,
1386 435 1461 472 1100

291 515 431 546 natura
455 509 643 545 videlicet
667 508 765 553 vult,
790 508 936 545 salvam
962 521 1046 545 esse
1071 522 1126 553 se,
1148 509 1253 554 quod
1277 510 1459 546 concedi-

291 597 401 628 mus;
440 588 470 621 si
500 588 700 628 movente,
727 583 832 629 quod
861 589 996 620 tamen
1026 584 1168 628 dicitis,
1199 584 1307 620 nulla
1336 588 1462 630 turpis

292 661 471 706 voluptas
493 662 568 696 erit
590 672 689 704 quae
711 659 1070 704 praetermittenda
1090 662 1153 704 sit,
1176 664 1217 696 et
1242 659 1355 695 simul
1381 672 1460 696 non

291 731 549 778 proficiscitur
574 730 719 766 animal
747 730 844 766 illud
871 729 989 767 modo
1012 735 1150 767 natum
1174 743 1196 766 a
1223 743 1374 767 summa
1398 744 1463 767 vo-

292 804 459 849 luptate,
485 814 585 847 quae
613 806 675 838 est
700 815 722 837 3
749 806 790 838 te
815 804 941 846 posita
966 804 1005 837 in
1031 814 1110 837 non
1135 801 1317 837 dolendo.
1379 802 1464 838 Nec

292 880 428 911 tamen
444 878 723 918 argumentum
744 872 818 908 hoc
841 873 1032 918 Epicurus
1048 886 1069 908 a
1085 875 1212 918 parvis
1233 875 1375 918 petivit
1395 878 1464 909 aut

293 949 413 983 etiam
437 959 459 981 a
484 946 631 989 bestiis,
653 957 753 989 quae
778 949 894 989 putat
918 957 1003 980 esse
1031 944 1190 989 specula
1217 949 1393 989 naturae,
1420 950 1464 981 ut

293 1018 445 1054 diceret
473 1017 523 1052 31)
549 1019 594 1052 115
622 1015 722 1051 duce
752 1020 893 1051 natura
922 1015 1023 1051 hanc
1053 1015 1299 1060 voluptatem
1329 1018 1463 1061 expeti

293 1089 391 1125 nihil
413 1087 585 1125 dolendi.
647 1087 787 1132 Neque
809 1089 915 1123 enim
939 1087 1036 1123 11300
1060 1099 1218 1123 movere
1243 1091 1376 1132 potest
1395 1099 1462 1132 ap-

294 1164 465 1207 petitum
497 1162 630 1198 animi,
663 1171 736 1195 nec
769 1158 893 1194 ullum
925 1158 1047 1195 habet
1076 1161 1200 1194 ictum
1232 1171 1309 1203 quo
1340 1157 1464 1203 pellat

295 1235 468 1268 animum
490 1235 615 1266 status
636 1230 699 1265 hic
721 1243 799 1265 11011
820 1229 983 1266 dolendi
1003 1221 1154 1274 (itaque
1176 1232 1214 1265 in
1232 1228 1306 1265 hoe
1323 1228 1464 1265 eodem

296 1308 435 1350 peccat
459 1293 760 1346 Hieronymus),
777 1306 816 1337 at
839 1301 904 1337 ille
926 1300 1039 1346 pellit
1057 1303 1122 1346 qui
1139 1300 1361 1346 permulcet
1378 1313 1466 1336 sen-

295 1388 381 1412 sum
402 1374 616 1419 voluptate.
680 1372 820 1418 Itaque
846 1372 1038 1418 Epicurus
1063 1385 1218 1417 semper
1242 1372 1316 1407 1100
1341 1374 1466 1408 utitur

295 1451 340 1484 ut
367 1446 509 1492 probet
539 1443 785 1489 voluptatem
816 1448 956 1480 natura
983 1446 1130 1488 expeti,
1156 1443 1261 1488 quod
1287 1455 1333 1479 ea
1357 1442 1464 1479 volu-

297 1523 383 1564 ptas
397 1529 496 1562 quae
510 1518 550 1551 in
564 1519 675 1551 motu
689 1518 738 1551 sit
753 1520 793 1551 et
807 1527 945 1560 parvos
960 1514 1010 1551 ad
1027 1527 1067 1550 se
1083 1514 1230 1550 alliciat
1247 1518 1287 1550 et
1304 1514 1462 1559 bestias,

296 1602 375 1626 non
406 1588 473 1624 illa
504 1586 653 1623 stabilis
685 1588 725 1622 in
752 1599 828 1631 qua
859 1590 1016 1622 tantum
1047 1588 1152 1621 inest
1184 1584 1282 1620 nihil
1314 1584 1459 1621 dolere.

296 1660 375 1706 Qui
396 1662 516 1704 igitur
537 1660 722 1694 convenit
742 1658 791 1693 ab
811 1657 885 1693 alia
906 1657 1110 1702 voluptate
1130 1656 1262 1693 dicere
1283 1660 1463 1692 naturam

295 1732 498 1779 proficisci,
519 1733 559 1765 in
580 1729 655 1765 alia
675 1742 870 1765 summum
893 1729 1040 1765 bonum
1061 1728 1236 1774 ponere?

349 1806 418 1843 XI.
452 1796 475 1812 ‘⁶
488 1805 707 1841 Bestiarum
720 1817 811 1840 vero
827 1804 979 1840 nullum
993 1803 1180 1839 iudicium
1194 1806 1300 1848 puto.
1318 1801 1464 1848 Quam-

294 1882 351 1916 vis
365 1880 470 1914 enim
492 1876 730 1922 depravatae
743 1889 822 1911 non
840 1878 931 1920 sint,
948 1887 1089 1920 pravae
1111 1879 1245 1910 tamen
1267 1886 1352 1909 esse
1374 1886 1460 1919 pos-

294 1954 397 1987 sunt.
458 1948 515 1984 Ut
536 1946 720 1982 bacillum
740 1946 847 1983 aliud
868 1951 929 1982 est
949 1945 1135 1981 inflexum
1152 1949 1193 1981 et
1214 1947 1460 1980 incurvatum

294 2026 344 2062 de
365 2023 571 2066 industria,
591 2020 696 2056 aliud
718 2022 772 2055 ita
793 2022 943 2061 natum,
961 2019 1014 2053 sic
1029 2016 1199 2052 ferarum
1220 2021 1359 2052 natura
1381 2029 1459 2051 non

407 2083 418 2114 l
436 2082 480 2113 18
