<?xml version="1.0" encoding="UTF-8"?>
<!DOCTYPE html PUBLIC "-//W3C//DTD XHTML 1.0 Transitional//EN"
    "http://www.w3.org/TR/xhtml1/DTD/xhtml1-transitional.dtd">
<html xmlns="http://www.w3.org/1999/xhtml" xml:lang="en" lang="en">
 <head>
  <title>
</title>
<meta http-equiv="Content-Type" content="text/html;charset=utf-8" />
  <meta name='ocr-system' content='tesseract 3.04.00' />
  <meta name='ocr-capabilities' content='ocr_page ocr_carea ocr_par ocr_line ocrx_word'/>
</head>
<body>
  <div class='ocr_page' id='page_1' title='image "./definibusbonorum00cice_0368.png"; bbox 0 0 1574 2364; ppageno 0'>
   <div class='ocr_carea' id='block_1_1' title="bbox 602 112 1152 150">
    <p class='ocr_par' dir='ltr' id='par_1_1' title="bbox 602 112 1152 150">
     <span class='ocr_line' id='line_1_1' title="bbox 602 112 1152 150; baseline 0.004 -2"><span class='ocrx_word' id='word_1_1' title='bbox 602 112 797 149; x_wconf 84' lang='lat' dir='ltr'>CICERO</span> <span class='ocrx_word' id='word_1_2' title='bbox 829 112 902 148; x_wconf 93' lang='lat' dir='ltr'>DE</span> <span class='ocrx_word' id='word_1_3' title='bbox 934 112 1152 150; x_wconf 89' lang='lat' dir='ltr'>FINIBUS</span> 
     </span>
    </p>
   </div>
   <div class='ocr_carea' id='block_1_2' title="bbox 289 191 1457 1054">
    <p class='ocr_par' dir='ltr' id='par_1_2' title="bbox 289 191 1457 1054">
     <span class='ocr_line' id='line_1_2' title="bbox 294 191 1457 236; baseline 0.001 -7"><span class='ocrx_word' id='word_1_4' title='bbox 294 206 445 230; x_wconf 87' lang='lat' dir='ltr'>summa</span> <span class='ocrx_word' id='word_1_5' title='bbox 467 191 659 228; x_wconf 81' lang='lat' dir='ltr'>facienda.</span> <span class='ocrx_word' id='word_1_6' title='bbox 719 191 810 236; x_wconf 89' lang='lat' dir='ltr'>Quo</span> <span class='ocrx_word' id='word_1_7' title='bbox 830 195 1049 228; x_wconf 78' lang='lat' dir='ltr'>constituto</span> <span class='ocrx_word' id='word_1_8' title='bbox 1070 197 1156 228; x_wconf 88' lang='lat' dir='ltr'>tum</span> <span class='ocrx_word' id='word_1_9' title='bbox 1176 192 1312 229; x_wconf 84' lang='lat' dir='ltr'>licebit</span> <span class='ocrx_word' id='word_1_10' title='bbox 1332 197 1457 230; x_wconf 85' lang='lat' dir='ltr'>otiose</span> 
     </span>
     <span class='ocr_line' id='line_1_3' title="bbox 293 253 1457 300; baseline 0 -8"><span class='ocrx_word' id='word_1_11' title='bbox 293 253 369 292; x_wconf 83' lang='lat' dir='ltr'>ista</span> <span class='ocrx_word' id='word_1_12' title='bbox 389 268 592 300; x_wconf 79' lang='lat' dir='ltr'>quaerere,</span> <span class='ocrx_word' id='word_1_13' title='bbox 615 254 663 290; x_wconf 92' lang='lat' dir='ltr'>de</span> <span class='ocrx_word' id='word_1_14' title='bbox 685 254 961 299; x_wconf 82' lang='lat' dir='ltr'>magnitudine</span> <span class='ocrx_word' id='word_1_15' title='bbox 982 268 1127 300; x_wconf 76' lang='lat' dir='ltr'>rerum,</span> <span class='ocrx_word' id='word_1_16' title='bbox 1148 255 1197 292; x_wconf 91' lang='lat' dir='ltr'>de</span> <span class='ocrx_word' id='word_1_17' title='bbox 1219 255 1457 292; x_wconf 78' lang='lat' dir='ltr'>excellentia</span> 
     </span>
     <span class='ocr_line' id='line_1_4' title="bbox 294 317 1454 363; baseline 0.001 -9"><span class='ocrx_word' id='word_1_18' title='bbox 294 320 460 363; x_wconf 80' lang='lat' dir='ltr'>quantal</span> <span class='ocrx_word' id='word_1_19' title='bbox 481 321 520 354; x_wconf 89' lang='lat' dir='ltr'>in</span> <span class='ocrx_word' id='word_1_20' title='bbox 545 330 702 362; x_wconf 88' lang='lat' dir='ltr'>quoque</span> <span class='ocrx_word' id='word_1_21' title='bbox 735 320 785 353; x_wconf 85' lang='lat' dir='ltr'>sit</span> <span class='ocrx_word' id='word_1_22' title='bbox 811 317 861 353; x_wconf 85' lang='lat' dir='ltr'>ad</span> <span class='ocrx_word' id='word_1_23' title='bbox 888 318 1005 354; x_wconf 86' lang='lat' dir='ltr'>beate</span> <span class='ocrx_word' id='word_1_24' title='bbox 1033 318 1259 363; x_wconf 85' lang='lat' dir='ltr'>vivendum,</span> <span class='ocrx_word' id='word_1_25' title='bbox 1287 318 1337 355; x_wconf 89' lang='lat' dir='ltr'>de</span> <span class='ocrx_word' id='word_1_26' title='bbox 1370 321 1454 356; x_wconf 85' lang='lat' dir='ltr'>istis</span> 
     </span>
     <span class='ocr_line' id='line_1_5' title="bbox 293 381 1454 426; baseline 0 -9"><span class='ocrx_word' id='word_1_27' title='bbox 293 384 388 426; x_wconf 77' lang='lat' dir='ltr'>ipsis</span> <span class='ocrx_word' id='word_1_28' title='bbox 415 381 757 417; x_wconf 78' lang='lat' dir='ltr'>obscurationibus</span> <span class='ocrx_word' id='word_1_29' title='bbox 784 393 884 425; x_wconf 81' lang='lat' dir='ltr'>quae</span> <span class='ocrx_word' id='word_1_30' title='bbox 912 385 1074 425; x_wconf 82' lang='lat' dir='ltr'>propter</span> <span class='ocrx_word' id='word_1_31' title='bbox 1101 383 1361 425; x_wconf 80' lang='lat' dir='ltr'>exiguitatem</span> <span class='ocrx_word' id='word_1_32' title='bbox 1392 383 1454 417; x_wconf 87' lang='lat' dir='ltr'>vix</span> 
     </span>
     <span class='ocr_line' id='line_1_6' title="bbox 292 442 1457 488; baseline 0 -8"><span class='ocrx_word' id='word_1_33' title='bbox 292 449 360 480; x_wconf 85' lang='lat' dir='ltr'>aut</span> <span class='ocrx_word' id='word_1_34' title='bbox 381 457 430 480; x_wconf 87' lang='lat' dir='ltr'>ne</span> <span class='ocrx_word' id='word_1_35' title='bbox 453 446 515 479; x_wconf 79' lang='lat' dir='ltr'>vix</span> <span class='ocrx_word' id='word_1_36' title='bbox 543 443 704 488; x_wconf 87' lang='lat' dir='ltr'>quidem</span> <span class='ocrx_word' id='word_1_37' title='bbox 732 448 960 488; x_wconf 75' lang='lat' dir='ltr'>appareant.</span> <span class='ocrx_word' id='word_1_38' title='bbox 1021 442 1128 487; x_wconf 83' lang='lat' dir='ltr'>Quid</span> <span class='ocrx_word' id='word_1_39' title='bbox 1160 443 1210 480; x_wconf 83' lang='lat' dir='ltr'>de</span> <span class='ocrx_word' id='word_1_40' title='bbox 1241 457 1319 488; x_wconf 91' lang='lat' dir='ltr'>quo</span> <span class='ocrx_word' id='word_1_41' title='bbox 1349 444 1457 480; x_wconf 88' lang='lat' dir='ltr'>nulla</span> 
     </span>
     <span class='ocr_line' id='line_1_7' title="bbox 292 506 1455 553; baseline 0.001 -10"><span class='ocrx_word' id='word_1_42' title='bbox 292 507 483 543; x_wconf 72' lang='lat' dir='ltr'>dissensio</span> <span class='ocrx_word' id='word_1_43' title='bbox 505 507 593 543; x_wconf 84' lang='lat' dir='ltr'>est?</span> <span class='ocrx_word' id='word_1_44' title='bbox 625 507 753 542; x_wconf 82' lang='lat' dir='ltr'>Nemo</span> <span class='ocrx_word' id='word_1_45' title='bbox 774 509 880 543; x_wconf 87' lang='lat' dir='ltr'>enim</span> <span class='ocrx_word' id='word_1_46' title='bbox 902 511 963 542; x_wconf 83' lang='lat' dir='ltr'>est</span> <span class='ocrx_word' id='word_1_47' title='bbox 983 509 1048 551; x_wconf 92' lang='lat' dir='ltr'>qui</span> <span class='ocrx_word' id='word_1_48' title='bbox 1070 506 1185 543; x_wconf 85' lang='lat' dir='ltr'>aliter</span> <span class='ocrx_word' id='word_1_49' title='bbox 1201 507 1346 544; x_wconf 81' lang='lat' dir='ltr'>dixerit</span> <span class='ocrx_word' id='word_1_50' title='bbox 1361 511 1455 553; x_wconf 92' lang='lat' dir='ltr'>quin</span> 
     </span>
     <span class='ocr_line' id='line_1_8' title="bbox 292 569 1456 614; baseline 0.001 -9"><span class='ocrx_word' id='word_1_51' title='bbox 292 573 468 606; x_wconf 80' lang='lat' dir='ltr'>onmium</span> <span class='ocrx_word' id='word_1_52' title='bbox 496 574 724 605; x_wconf 79' lang='lat' dir='ltr'>naturarum</span> <span class='ocrx_word' id='word_1_53' title='bbox 754 569 880 606; x_wconf 86' lang='lat' dir='ltr'>simile</span> <span class='ocrx_word' id='word_1_54' title='bbox 911 574 1016 605; x_wconf 84' lang='lat' dir='ltr'>esset</span> <span class='ocrx_word' id='word_1_55' title='bbox 1045 569 1085 605; x_wconf 92' lang='lat' dir='ltr'>id</span> <span class='ocrx_word' id='word_1_56' title='bbox 1115 569 1164 605; x_wconf 87' lang='lat' dir='ltr'>ad</span> <span class='ocrx_word' id='word_1_57' title='bbox 1194 570 1299 614; x_wconf 90' lang='lat' dir='ltr'>quod</span> <span class='ocrx_word' id='word_1_58' title='bbox 1326 574 1456 607; x_wconf 84' lang='lat' dir='ltr'>omnia</span> 
     </span>
     <span class='ocr_line' id='line_1_9' title="bbox 292 632 1451 678; baseline 0 -9"><span class='ocrx_word' id='word_1_59' title='bbox 292 633 549 677; x_wconf 78' lang='lat' dir='ltr'>referrentur,</span> <span class='ocrx_word' id='word_1_60' title='bbox 568 632 673 677; x_wconf 91' lang='lat' dir='ltr'>quod</span> <span class='ocrx_word' id='word_1_61' title='bbox 695 637 755 668; x_wconf 85' lang='lat' dir='ltr'>est</span> <span class='ocrx_word' id='word_1_62' title='bbox 776 632 961 668; x_wconf 87' lang='lat' dir='ltr'>ultimum</span> <span class='ocrx_word' id='word_1_63' title='bbox 981 645 1111 668; x_wconf 91' lang='lat' dir='ltr'>rerum</span> <span class='ocrx_word' id='word_1_64' title='bbox 1128 632 1451 678; x_wconf 83' lang='lat' dir='ltr'>appetendarum.</span> 
     </span>
     <span class='ocr_line' id='line_1_10' title="bbox 292 694 1453 740; baseline 0 -8"><span class='ocrx_word' id='word_1_65' title='bbox 292 696 431 733; x_wconf 83' lang='lat' dir='ltr'>Omnis</span> <span class='ocrx_word' id='word_1_66' title='bbox 453 698 559 732; x_wconf 88' lang='lat' dir='ltr'>enim</span> <span class='ocrx_word' id='word_1_67' title='bbox 581 700 641 731; x_wconf 83' lang='lat' dir='ltr'>est</span> <span class='ocrx_word' id='word_1_68' title='bbox 661 700 802 731; x_wconf 85' lang='lat' dir='ltr'>natura</span> <span class='ocrx_word' id='word_1_69' title='bbox 823 695 993 739; x_wconf 84' lang='lat' dir='ltr'>diligens</span> <span class='ocrx_word' id='word_1_70' title='bbox 1014 698 1082 731; x_wconf 91' lang='lat' dir='ltr'>sui.</span> <span class='ocrx_word' id='word_1_71' title='bbox 1134 694 1246 740; x_wconf 80' lang='lat' dir='ltr'>Quae</span> <span class='ocrx_word' id='word_1_72' title='bbox 1267 701 1328 732; x_wconf 86' lang='lat' dir='ltr'>est</span> <span class='ocrx_word' id='word_1_73' title='bbox 1348 699 1453 732; x_wconf 89' lang='lat' dir='ltr'>enim</span> 
     </span>
     <span class='ocr_line' id='line_1_11' title="bbox 291 757 1453 804; baseline 0.002 -11"><span class='ocrx_word' id='word_1_74' title='bbox 291 771 388 804; x_wconf 82' lang='lat' dir='ltr'>quae</span> <span class='ocrx_word' id='word_1_75' title='bbox 410 771 450 794; x_wconf 85' lang='lat' dir='ltr'>se</span> <span class='ocrx_word' id='word_1_76' title='bbox 471 771 657 803; x_wconf 80' lang='lat' dir='ltr'>uniquam</span> <span class='ocrx_word' id='word_1_77' title='bbox 679 757 836 794; x_wconf 83' lang='lat' dir='ltr'>deserat</span> <span class='ocrx_word' id='word_1_78' title='bbox 855 762 924 794; x_wconf 85' lang='lat' dir='ltr'>aut</span> <span class='ocrx_word' id='word_1_79' title='bbox 943 762 1098 803; x_wconf 83' lang='lat' dir='ltr'>partem</span> <span class='ocrx_word' id='word_1_80' title='bbox 1118 757 1288 803; x_wconf 82' lang='lat' dir='ltr'>aliquam</span> <span class='ocrx_word' id='word_1_81' title='bbox 1308 761 1366 795; x_wconf 88' lang='lat' dir='ltr'>sui</span> <span class='ocrx_word' id='word_1_82' title='bbox 1386 764 1453 795; x_wconf 80' lang='lat' dir='ltr'>aut</span> 
     </span>
     <span class='ocr_line' id='line_1_12' title="bbox 290 821 1453 866; baseline 0 -8"><span class='ocrx_word' id='word_1_83' title='bbox 290 824 373 858; x_wconf 87' lang='lat' dir='ltr'>eius</span> <span class='ocrx_word' id='word_1_84' title='bbox 394 823 516 866; x_wconf 81' lang='lat' dir='ltr'>partis</span> <span class='ocrx_word' id='word_1_85' title='bbox 540 821 719 857; x_wconf 82' lang='lat' dir='ltr'>habitum</span> <span class='ocrx_word' id='word_1_86' title='bbox 740 825 809 856; x_wconf 84' lang='lat' dir='ltr'>aut</span> <span class='ocrx_word' id='word_1_87' title='bbox 830 823 908 856; x_wconf 84' lang='lat' dir='ltr'>vim</span> <span class='ocrx_word' id='word_1_88' title='bbox 929 826 998 857; x_wconf 81' lang='lat' dir='ltr'>aut</span> <span class='ocrx_word' id='word_1_89' title='bbox 1019 821 1135 857; x_wconf 86' lang='lat' dir='ltr'>ullius</span> <span class='ocrx_word' id='word_1_90' title='bbox 1164 834 1297 857; x_wconf 84' lang='lat' dir='ltr'>earum</span> <span class='ocrx_word' id='word_1_91' title='bbox 1324 835 1453 858; x_wconf 88' lang='lat' dir='ltr'>rerum</span> 
     </span>
     <span class='ocr_line' id='line_1_13' title="bbox 289 883 1453 929; baseline 0.001 -9"><span class='ocrx_word' id='word_1_92' title='bbox 289 897 388 929; x_wconf 87' lang='lat' dir='ltr'>quae</span> <span class='ocrx_word' id='word_1_93' title='bbox 406 883 625 920; x_wconf 80' lang='lat' dir='ltr'>secundum</span> <span class='ocrx_word' id='word_1_94' title='bbox 641 889 823 920; x_wconf 87' lang='lat' dir='ltr'>naturam</span> <span class='ocrx_word' id='word_1_95' title='bbox 839 888 931 920; x_wconf 84' lang='lat' dir='ltr'>sunt</span> <span class='ocrx_word' id='word_1_96' title='bbox 946 889 1015 920; x_wconf 87' lang='lat' dir='ltr'>aut</span> <span class='ocrx_word' id='word_1_97' title='bbox 1030 889 1182 920; x_wconf 84' lang='lat' dir='ltr'>motum</span> <span class='ocrx_word' id='word_1_98' title='bbox 1197 889 1265 920; x_wconf 85' lang='lat' dir='ltr'>aut</span> <span class='ocrx_word' id='word_1_99' title='bbox 1278 889 1425 921; x_wconf 86' lang='lat' dir='ltr'>statum</span> <span class='ocrx_word' id='word_1_100' title='bbox 1441 886 1453 920; x_wconf 85' lang='lat'>?</span> 
     </span>
     <span class='ocr_line' id='line_1_14' title="bbox 291 946 1455 992; baseline 0.001 -10"><span class='ocrx_word' id='word_1_101' title='bbox 291 946 402 992; x_wconf 87' lang='lat' dir='ltr'>Quae</span> <span class='ocrx_word' id='word_1_102' title='bbox 430 951 565 982; x_wconf 83' lang='lat' dir='ltr'>autem</span> <span class='ocrx_word' id='word_1_103' title='bbox 593 951 733 982; x_wconf 82' lang='lat' dir='ltr'>natura</span> <span class='ocrx_word' id='word_1_104' title='bbox 761 959 852 982; x_wconf 83' lang='lat' dir='ltr'>suae</span> <span class='ocrx_word' id='word_1_105' title='bbox 880 949 1028 991; x_wconf 84' lang='lat' dir='ltr'>primae</span> <span class='ocrx_word' id='word_1_106' title='bbox 1054 949 1313 984; x_wconf 83' lang='lat' dir='ltr'>institutionis</span> <span class='ocrx_word' id='word_1_107' title='bbox 1333 947 1455 984; x_wconf 87' lang='lat' dir='ltr'>oblita</span> 
     </span>
     <span class='ocr_line' id='line_1_15' title="bbox 290 1008 1454 1054; baseline 0 -8"><span class='ocrx_word' id='word_1_108' title='bbox 290 1011 379 1046; x_wconf 83' lang='lat' dir='ltr'>est?</span> <span class='ocrx_word' id='word_1_109' title='bbox 437 1009 556 1045; x_wconf 79' lang='lat' dir='ltr'>Nulla.</span> <span class='ocrx_word' id='word_1_110' title='bbox 577 1009 755 1054; x_wconf 87' lang='lat' dir='ltr'>profecto</span> <span class='ocrx_word' id='word_1_111' title='bbox 776 1008 858 1046; x_wconf 67' lang='grc' dir='ltr'>65ἲῑ2</span> <span class='ocrx_word' id='word_1_112' title='bbox 879 1012 973 1054; x_wconf 89' lang='lat' dir='ltr'>quin</span> <span class='ocrx_word' id='word_1_113' title='bbox 995 1022 1103 1045; x_wconf 82' lang='lat' dir='ltr'>suam</span> <span class='ocrx_word' id='word_1_114' title='bbox 1125 1008 1221 1047; x_wconf 64' lang='lat' dir='ltr'>vimss</span> <span class='ocrx_word' id='word_1_115' title='bbox 1236 1013 1407 1047; x_wconf 85' lang='lat' dir='ltr'>retineat</span> <span class='ocrx_word' id='word_1_116' title='bbox 1433 1024 1454 1046; x_wconf 89' lang='lat' dir='ltr'>a</span> 
     </span>
    </p>
   </div>
   <div class='ocr_carea' id='block_1_3' title="bbox 239 1070 1456 1118">
    <p class='ocr_par' dir='ltr' id='par_1_3' title="bbox 239 1070 1456 1118">
     <span class='ocr_line' id='line_1_16' title="bbox 239 1070 1456 1118; baseline 0.001 -9"><span class='ocrx_word' id='word_1_117' title='bbox 239 1101 249 1109; x_wconf 35' lang='lat' dir='ltr'>t</span> <span class='ocrx_word' id='word_1_118' title='bbox 292 1075 417 1118; x_wconf 87' lang='lat' dir='ltr'>primo</span> <span class='ocrx_word' id='word_1_119' title='bbox 451 1072 501 1108; x_wconf 85' lang='lat' dir='ltr'>ad</span> <span class='ocrx_word' id='word_1_120' title='bbox 536 1077 770 1108; x_wconf 86' lang='lat' dir='ltr'>extremum.</span> <span class='ocrx_word' id='word_1_121' title='bbox 831 1070 1041 1116; x_wconf 87' lang='lat' dir='ltr'>Quomodo</span> <span class='ocrx_word' id='word_1_122' title='bbox 1079 1075 1200 1117; x_wconf 85' lang='lat' dir='ltr'>igitur</span> <span class='ocrx_word' id='word_1_123' title='bbox 1239 1076 1373 1110; x_wconf 78' lang='lat' dir='ltr'>evenit</span> <span class='ocrx_word' id='word_1_124' title='bbox 1411 1078 1456 1110; x_wconf 83' lang='lat' dir='ltr'>ut</span> 
     </span>
    </p>
   </div>
   <div class='ocr_carea' id='block_1_4' title="bbox 287 1134 1456 1745">
    <p class='ocr_par' dir='ltr' id='par_1_4' title="bbox 287 1134 1456 1745">
     <span class='ocr_line' id='line_1_17' title="bbox 289 1134 1456 1181; baseline 0.001 -10"><span class='ocrx_word' id='word_1_125' title='bbox 289 1136 459 1171; x_wconf 87' lang='lat' dir='ltr'>hominis</span> <span class='ocrx_word' id='word_1_126' title='bbox 480 1140 620 1170; x_wconf 81' lang='lat' dir='ltr'>natura</span> <span class='ocrx_word' id='word_1_127' title='bbox 640 1134 720 1170; x_wconf 80' lang='lat' dir='ltr'>sola</span> <span class='ocrx_word' id='word_1_128' title='bbox 742 1139 847 1170; x_wconf 82' lang='lat' dir='ltr'>esset</span> <span class='ocrx_word' id='word_1_129' title='bbox 863 1148 963 1179; x_wconf 81' lang='lat' dir='ltr'>quae</span> <span class='ocrx_word' id='word_1_130' title='bbox 980 1135 1181 1171; x_wconf 88' lang='lat' dir='ltr'>hominem</span> <span class='ocrx_word' id='word_1_131' title='bbox 1199 1135 1456 1181; x_wconf 87' lang='lat' dir='ltr'>relinqueret,</span> 
     </span>
     <span class='ocr_line' id='line_1_18' title="bbox 288 1198 1453 1244; baseline 0.001 -10"><span class='ocrx_word' id='word_1_132' title='bbox 288 1211 389 1244; x_wconf 84' lang='lat' dir='ltr'>quae</span> <span class='ocrx_word' id='word_1_133' title='bbox 417 1198 716 1233; x_wconf 82' lang='lat' dir='ltr'>oblivisceretur</span> <span class='ocrx_word' id='word_1_134' title='bbox 743 1200 928 1242; x_wconf 75' lang='lat' dir='ltr'>corporis,</span> <span class='ocrx_word' id='word_1_135' title='bbox 956 1210 1055 1242; x_wconf 86' lang='lat' dir='ltr'>quae</span> <span class='ocrx_word' id='word_1_136' title='bbox 1083 1210 1278 1233; x_wconf 85' lang='lat' dir='ltr'>summum</span> <span class='ocrx_word' id='word_1_137' title='bbox 1306 1199 1453 1235; x_wconf 89' lang='lat' dir='ltr'>bonum</span> 
     </span>
     <span class='ocr_line' id='line_1_19' title="bbox 290 1259 1451 1306; baseline 0.002 -10"><span class='ocrx_word' id='word_1_138' title='bbox 290 1274 369 1296; x_wconf 93' lang='lat' dir='ltr'>non</span> <span class='ocrx_word' id='word_1_139' title='bbox 392 1263 432 1296; x_wconf 91' lang='lat' dir='ltr'>in</span> <span class='ocrx_word' id='word_1_140' title='bbox 453 1265 539 1296; x_wconf 81' lang='lat' dir='ltr'>toto</span> <span class='ocrx_word' id='word_1_141' title='bbox 566 1259 726 1295; x_wconf 86' lang='lat' dir='ltr'>homine</span> <span class='ocrx_word' id='word_1_142' title='bbox 755 1260 824 1296; x_wconf 86' lang='lat' dir='ltr'>sed</span> <span class='ocrx_word' id='word_1_143' title='bbox 852 1263 891 1295; x_wconf 89' lang='lat' dir='ltr'>in</span> <span class='ocrx_word' id='word_1_144' title='bbox 920 1265 1031 1305; x_wconf 84' lang='lat' dir='ltr'>parte</span> <span class='ocrx_word' id='word_1_145' title='bbox 1059 1260 1229 1296; x_wconf 86' lang='lat' dir='ltr'>hominis</span> <span class='ocrx_word' id='word_1_146' title='bbox 1257 1262 1451 1306; x_wconf 82' lang='lat' dir='ltr'>poneret?</span> 
     </span>
     <span class='ocr_line' id='line_1_20' title="bbox 289 1322 1451 1369; baseline 0.003 -11"><span class='ocrx_word' id='word_1_147' title='bbox 289 1322 497 1368; x_wconf 89' lang='lat' dir='ltr'>Quomodo</span> <span class='ocrx_word' id='word_1_148' title='bbox 513 1327 660 1366; x_wconf 72' lang='lat' dir='ltr'>autem,</span> <span class='ocrx_word' id='word_1_149' title='bbox 678 1322 782 1366; x_wconf 84' lang='lat' dir='ltr'>quod</span> <span class='ocrx_word' id='word_1_150' title='bbox 799 1325 872 1367; x_wconf 84' lang='lat' dir='ltr'>ipsi</span> <span class='ocrx_word' id='word_1_151' title='bbox 889 1325 1009 1358; x_wconf 87' lang='lat' dir='ltr'>etiam</span> <span class='ocrx_word' id='word_1_152' title='bbox 1026 1322 1202 1359; x_wconf 87' lang='lat' dir='ltr'>fatentur</span> <span class='ocrx_word' id='word_1_153' title='bbox 1218 1328 1451 1369; x_wconf 79' lang='lat' dir='ltr'>constatque</span> 
     </span>
     <span class='ocr_line' id='line_1_21' title="bbox 288 1385 1451 1429; baseline 0.002 -8"><span class='ocrx_word' id='word_1_154' title='bbox 288 1389 394 1422; x_wconf 86' lang='lat' dir='ltr'>inter</span> <span class='ocrx_word' id='word_1_155' title='bbox 428 1398 578 1429; x_wconf 78' lang='lat' dir='ltr'>omnes,</span> <span class='ocrx_word' id='word_1_156' title='bbox 614 1385 910 1421; x_wconf 78' lang='lat' dir='ltr'>conservabitur</span> <span class='ocrx_word' id='word_1_157' title='bbox 944 1390 989 1421; x_wconf 77' lang='lat' dir='ltr'>ut</span> <span class='ocrx_word' id='word_1_158' title='bbox 1027 1385 1154 1421; x_wconf 89' lang='lat' dir='ltr'>simile</span> <span class='ocrx_word' id='word_1_159' title='bbox 1193 1388 1245 1422; x_wconf 80' lang='lat' dir='ltr'>sit</span> <span class='ocrx_word' id='word_1_160' title='bbox 1277 1390 1451 1423; x_wconf 91' lang='lat' dir='ltr'>omnium</span> 
     </span>
     <span class='ocr_line' id='line_1_22' title="bbox 289 1447 1452 1493; baseline 0.001 -9"><span class='ocrx_word' id='word_1_161' title='bbox 289 1454 517 1484; x_wconf 83' lang='lat' dir='ltr'>naturarum</span> <span class='ocrx_word' id='word_1_162' title='bbox 545 1447 643 1483; x_wconf 91' lang='lat' dir='ltr'>illud</span> <span class='ocrx_word' id='word_1_163' title='bbox 671 1447 855 1484; x_wconf 81' lang='lat' dir='ltr'>ultimum</span> <span class='ocrx_word' id='word_1_164' title='bbox 883 1447 933 1484; x_wconf 89' lang='lat' dir='ltr'>de</span> <span class='ocrx_word' id='word_1_165' title='bbox 961 1461 1039 1493; x_wconf 91' lang='lat' dir='ltr'>quo</span> <span class='ocrx_word' id='word_1_166' title='bbox 1066 1450 1295 1493; x_wconf 78' lang='lat' dir='ltr'>quaeritur?</span> <span class='ocrx_word' id='word_1_167' title='bbox 1352 1449 1452 1485; x_wconf 93' lang='lat' dir='ltr'>Tum</span> 
     </span>
     <span class='ocr_line' id='line_1_23' title="bbox 288 1510 1451 1556; baseline 0.001 -9"><span class='ocrx_word' id='word_1_168' title='bbox 288 1514 394 1548; x_wconf 84' lang='lat' dir='ltr'>enini</span> <span class='ocrx_word' id='word_1_169' title='bbox 422 1516 528 1547; x_wconf 83' lang='lat' dir='ltr'>esset</span> <span class='ocrx_word' id='word_1_170' title='bbox 559 1510 685 1547; x_wconf 85' lang='lat' dir='ltr'>simile</span> <span class='ocrx_word' id='word_1_171' title='bbox 721 1513 750 1546; x_wconf 78' lang='lat' dir='ltr'>si</span> <span class='ocrx_word' id='word_1_172' title='bbox 787 1513 827 1546; x_wconf 89' lang='lat' dir='ltr'>in</span> <span class='ocrx_word' id='word_1_173' title='bbox 861 1513 1003 1547; x_wconf 81' lang='lat' dir='ltr'>ceteris</span> <span class='ocrx_word' id='word_1_174' title='bbox 1038 1524 1193 1556; x_wconf 90' lang='lat' dir='ltr'>quoque</span> <span class='ocrx_word' id='word_1_175' title='bbox 1228 1514 1378 1548; x_wconf 84' lang='lat' dir='ltr'>naturis</span> <span class='ocrx_word' id='word_1_176' title='bbox 1412 1512 1451 1549; x_wconf 92' lang='lat' dir='ltr'>id</span> 
     </span>
     <span class='ocr_line' id='line_1_24' title="bbox 287 1573 1449 1619; baseline 0.001 -9"><span class='ocrx_word' id='word_1_177' title='bbox 287 1577 428 1619; x_wconf 88' lang='lat' dir='ltr'>cuique</span> <span class='ocrx_word' id='word_1_178' title='bbox 464 1579 568 1610; x_wconf 83' lang='lat' dir='ltr'>esset</span> <span class='ocrx_word' id='word_1_179' title='bbox 602 1573 786 1609; x_wconf 82' lang='lat' dir='ltr'>ultimum</span> <span class='ocrx_word' id='word_1_180' title='bbox 821 1573 925 1618; x_wconf 89' lang='lat' dir='ltr'>quod</span> <span class='ocrx_word' id='word_1_181' title='bbox 960 1576 1000 1609; x_wconf 90' lang='lat' dir='ltr'>in</span> <span class='ocrx_word' id='word_1_182' title='bbox 1034 1587 1189 1618; x_wconf 89' lang='lat' dir='ltr'>quaque</span> <span class='ocrx_word' id='word_1_183' title='bbox 1224 1574 1449 1612; x_wconf 86' lang='lat' dir='ltr'>excelleret.</span> 
     </span>
     <span class='ocr_line' id='line_1_25' title="bbox 289 1636 1451 1683; baseline 0.001 -11"><span class='ocrx_word' id='word_1_184' title='bbox 289 1637 383 1672; x_wconf 83' lang='lat' dir='ltr'>Tale</span> <span class='ocrx_word' id='word_1_185' title='bbox 419 1639 525 1673; x_wconf 80' lang='lat' dir='ltr'>enini</span> <span class='ocrx_word' id='word_1_186' title='bbox 564 1639 689 1672; x_wconf 78' lang='lat' dir='ltr'>visum</span> <span class='ocrx_word' id='word_1_187' title='bbox 729 1641 790 1672; x_wconf 82' lang='lat' dir='ltr'>est</span> <span class='ocrx_word' id='word_1_188' title='bbox 828 1636 1013 1672; x_wconf 82' lang='lat' dir='ltr'>ultimum</span> <span class='ocrx_word' id='word_1_189' title='bbox 1053 1636 1284 1673; x_wconf 85' lang='lat' dir='ltr'>Stoicorum.</span> <span class='ocrx_word' id='word_1_190' title='bbox 1345 1637 1451 1683; x_wconf 87' lang='lat' dir='ltr'>Quid</span> 
     </span>
     <span class='ocr_line' id='line_1_26' title="bbox 287 1698 1449 1745; baseline 0.001 -10"><span class='ocrx_word' id='word_1_191' title='bbox 287 1700 443 1736; x_wconf 82' lang='lat' dir='ltr'>dubitas</span> <span class='ocrx_word' id='word_1_192' title='bbox 483 1702 604 1743; x_wconf 86' lang='lat' dir='ltr'>igitur</span> <span class='ocrx_word' id='word_1_193' title='bbox 643 1704 795 1735; x_wconf 80' lang='lat' dir='ltr'>mutare</span> <span class='ocrx_word' id='word_1_194' title='bbox 831 1702 1022 1744; x_wconf 84' lang='lat' dir='ltr'>principia</span> <span class='ocrx_word' id='word_1_195' title='bbox 1056 1700 1248 1736; x_wconf 83' lang='lat' dir='ltr'>naturae?</span> <span class='ocrx_word' id='word_1_196' title='bbox 1307 1698 1449 1745; x_wconf 77' lang='lat' dir='ltr'>Quod4</span> 
     </span>
    </p>
   </div>
   <div class='ocr_carea' id='block_1_5' title="bbox 286 1770 1450 1941">
    <p class='ocr_par' dir='ltr' id='par_1_5' title="bbox 286 1770 1450 1941">
     <span class='ocr_line' id='line_1_27' title="bbox 287 1770 1450 1816; baseline 0.001 -10"><span class='ocrx_word' id='word_1_197' title='bbox 287 1773 393 1807; x_wconf 89' lang='lat' dir='ltr'>enim</span> <span class='ocrx_word' id='word_1_198' title='bbox 432 1770 541 1814; x_wconf 84' lang='lat' dir='ltr'>dicis,</span> <span class='ocrx_word' id='word_1_199' title='bbox 577 1783 694 1805; x_wconf 87' lang='lat' dir='ltr'>omne</span> <span class='ocrx_word' id='word_1_200' title='bbox 733 1770 890 1814; x_wconf 79' lang='lat' dir='ltr'>animal,</span> <span class='ocrx_word' id='word_1_201' title='bbox 925 1770 1040 1806; x_wconf 83' lang='lat' dir='ltr'>simul</span> <span class='ocrx_word' id='word_1_202' title='bbox 1075 1775 1194 1816; x_wconf 85' lang='lat' dir='ltr'>atque</span> <span class='ocrx_word' id='word_1_203' title='bbox 1226 1773 1277 1807; x_wconf 81' lang='lat' dir='ltr'>sit</span> <span class='ocrx_word' id='word_1_204' title='bbox 1308 1776 1450 1816; x_wconf 88' lang='lat' dir='ltr'>ortum,</span> 
     </span>
     <span class='ocr_line' id='line_1_28' title="bbox 286 1832 1449 1878; baseline 0.002 -11"><span class='ocrx_word' id='word_1_205' title='bbox 286 1832 526 1878; x_wconf 82' lang='lat' dir='ltr'>applicatum</span> <span class='ocrx_word' id='word_1_206' title='bbox 562 1845 647 1868; x_wconf 85' lang='lat' dir='ltr'>esse</span> <span class='ocrx_word' id='word_1_207' title='bbox 686 1832 736 1868; x_wconf 86' lang='lat' dir='ltr'>ad</span> <span class='ocrx_word' id='word_1_208' title='bbox 775 1845 816 1868; x_wconf 82' lang='lat' dir='ltr'>se</span> <span class='ocrx_word' id='word_1_209' title='bbox 852 1832 1100 1877; x_wconf 86' lang='lat' dir='ltr'>diligendum</span> <span class='ocrx_word' id='word_1_210' title='bbox 1135 1846 1300 1878; x_wconf 85' lang='lat' dir='ltr'>esseque</span> <span class='ocrx_word' id='word_1_211' title='bbox 1335 1835 1374 1869; x_wconf 94' lang='lat' dir='ltr'>in</span> <span class='ocrx_word' id='word_1_212' title='bbox 1408 1846 1449 1870; x_wconf 92' lang='lat' dir='ltr'>se</span> 
     </span>
     <span class='ocr_line' id='line_1_29' title="bbox 287 1891 1443 1941; baseline 0 -12"><span class='ocrx_word' id='word_1_213' title='bbox 287 1891 555 1929; x_wconf 83' lang='lat' dir='ltr'>conservando</span> <span class='ocrx_word' id='word_1_214' title='bbox 581 1896 831 1940; x_wconf 83' lang='lat' dir='ltr'>occupatum,</span> <span class='ocrx_word' id='word_1_215' title='bbox 852 1894 947 1940; x_wconf 90' lang='lat' dir='ltr'>quin</span> <span class='ocrx_word' id='word_1_216' title='bbox 968 1895 1099 1941; x_wconf 83' lang='lat' dir='ltr'>potius</span> <span class='ocrx_word' id='word_1_217' title='bbox 1120 1895 1175 1929; x_wconf 83' lang='lat' dir='ltr'>ita</span> <span class='ocrx_word' id='word_1_218' title='bbox 1197 1892 1306 1939; x_wconf 88' lang='lat' dir='ltr'>dieis,</span> <span class='ocrx_word' id='word_1_219' title='bbox 1326 1906 1443 1930; x_wconf 85' lang='lat' dir='ltr'>omne</span> 
     </span>
    </p>
   </div>
   <div class='ocr_carea' id='block_1_6' title="bbox 330 1959 1424 2087">
    <p class='ocr_par' dir='ltr' id='par_1_6' title="bbox 330 1959 1424 2087">
     <span class='ocr_line' id='line_1_30' title="bbox 505 1959 1250 2042; baseline -0.002 -7.379"><span class='ocrx_word' id='word_1_220' title='bbox 331 1959 759 2035; x_wconf 44' lang='grc' dir='ltr'><em>Μ’ἰῑῐεῆῖὲῒ</em></span> <span class='ocrx_word' id='word_1_221' title='bbox 972 2002 1065 2042; x_wconf 50' lang='lat' dir='ltr'><strong>fl</strong></span> <span class='ocrx_word' id='word_1_222' title='bbox 1126 2003 1191 2034; x_wconf 63' lang='lat' dir='ltr'>&gt;R</span> <span class='ocrx_word' id='word_1_223' title='bbox 1217 2003 1250 2034; x_wconf 62' lang='lat' dir='ltr'>-d</span> 
     </span>
     <span class='ocr_line' id='line_1_31' title="bbox 330 2003 1424 2087; baseline 0.003 -12"><span class='ocrx_word' id='word_1_224' title='bbox 330 2047 342 2065; x_wconf 76' lang='lat'><strong>⁴</strong></span> <span class='ocrx_word' id='word_1_225' title='bbox 360 2013 565 2087; x_wconf 49' lang='lat' dir='ltr'>gztosclilggnlf.</span> <span class='ocrx_word' id='word_1_226' title='bbox 583 2012 709 2076; x_wconf 51' lang='lat' dir='ltr'>Mdller</span> <span class='ocrx_word' id='word_1_227' title='bbox 720 2054 728 2082; x_wconf 86' lang='lat'>;</span> <span class='ocrx_word' id='word_1_228' title='bbox 754 2026 852 2076; x_wconf 74' lang='lat' dir='ltr'><strong>MSS.</strong></span> <span class='ocrx_word' id='word_1_229' title='bbox 870 2045 942 2076; x_wconf 80' lang='lat' dir='ltr'>and</span> <span class='ocrx_word' id='word_1_230' title='bbox 959 2003 1424 2086; x_wconf 49' lang='grc' dir='ltr'>6ᾱὲ.2ὅέιίᾶ-ἓίῑεξιραίαηι,3</span> 
     </span>
    </p>
   </div>
   <div class='ocr_carea' id='block_1_7' title="bbox 381 2091 456 2129">
    <p class='ocr_par' dir='ltr' id='par_1_7' title="bbox 381 2091 456 2129">
     <span class='ocr_line' id='line_1_32' title="bbox 381 2091 456 2129; baseline -0.027 0"><span class='ocrx_word' id='word_1_231' title='bbox 381 2091 456 2129; x_wconf 85' lang='grc'>336</span> 
     </span>
    </p>
   </div>
  </div>
 </body>
</html>
