1574 2364
651 149 846 187 CICERO
876 149 950 185 DE
980 149 1199 187 FINIBUS

344 245 440 278 quos
471 245 562 267 cura
589 232 696 266 omni
722 229 923 273 liberatos>
939 229 1093 264 nullum
1114 232 1378 265 necessarium
1403 232 1506 266 vitae

343 299 493 335 cultum
515 303 584 333 aut
604 302 784 342 paratum
812 298 1073 340 requirentes,
1095 295 1193 331 nihil
1219 296 1326 332 aliud
1352 301 1507 334 acturos

343 370 487 411 putant
507 367 580 399 nisi
601 368 645 399 ut
666 376 782 398 omne
810 367 966 406 tempus
991 362 1226 406 inquirendo
1253 376 1297 398 ae
1317 363 1506 400 discendo

343 435 383 468 in
410 436 575 467 naturae
604 432 830 474 cognitione
859 433 1103 464 consumant.
1166 429 1245 464 Nos
1272 434 1406 465 autem
1426 442 1504 465 non

343 498 467 534 solum
489 498 629 532 beatae
650 498 753 531 vitae
774 498 889 531 istam
906 507 990 530 esse
1007 494 1314 531 oblectationem
1331 496 1508 532 videmus

343 564 411 600 sed
445 566 565 600 etiam
604 563 874 598 levamentum
913 563 1181 604 miseriarum;
1220 564 1354 606 itaque
1393 562 1506 598 multi

343 644 431 667 cum
464 633 503 666 in
536 633 735 675 potestate.
766 632 899 664 essent
932 627 1102 663 hostium
1135 633 1203 664 aut
1234 633 1504 673 tyrannorum,

341 697 456 733 multi
489 700 528 732 in
561 695 751 738 custodia,
783 694 899 730 multi
933 697 973 729 in
1009 694 1146 730 exsilio
1180 695 1357 730 dolorem
1390 708 1503 731 suum

263 768 311 801 54
342 764 545 800 doctrinae
567 762 707 798 Studiis
729 761 921 797 levarunt.
984 760 1170 806 Princeps
1195 761 1310 798 huius
1334 764 1503 798 civitatis

344 830 554 866 Phalereus
572 829 812 872 Demetrius,
830 840 916 863 cum
939 829 1064 872 patria
1080 827 1213 872 pulsus
1230 833 1333 864 esset
1350 831 1502 873 iniuria,

341 897 390 933 ad
428 896 698 932 Ptolemaeum
734 907 775 930 se
815 906 949 938 regem
990 894 1281 930 Alexandream
1320 896 1499 932 contulit.

342 963 419 1008 Qui
441 976 529 998 cum
551 965 592 997 in
612 961 685 997 hac
712 964 795 1006 ipsa
822 960 1069 1005 philosophia
1096 960 1145 996 ad
1173 974 1289 1005 quam
1309 966 1350 998 te
1371 962 1501 998 horta-

340 1039 426 1062 mur
447 1025 663 1061 excelleret
689 1023 1031 1068 Theophrastique
1059 1028 1163 1059 esset
1189 1024 1357 1069 auditor,
1378 1025 1502 1062 multa

340 1088 536 1135 praeclara
557 1090 597 1123 in
618 1087 685 1122 illo
706 1086 932 1122 calamitoso
953 1089 1033 1122 otio
1054 1089 1209 1131 scripsit
1224 1100 1303 1123 non
1318 1087 1368 1124 ad
1388 1101 1500 1124 usum

340 1152 511 1196 aliquem
542 1163 655 1186 suum
686 1162 763 1194 quo
793 1154 878 1185 erat
907 1149 1091 1192 orbatum
1120 1149 1189 1185 sed
1221 1153 1341 1186 animi
1373 1151 1501 1188 cultus

338 1215 404 1251 ille
426 1218 510 1249 erat
532 1216 567 1249 ei
596 1215 702 1257 quasi
732 1211 890 1257 quidam
917 1211 1175 1248 humanitatis
1203 1213 1320 1249 cibus.
1382 1213 1500 1259 Equi-

337 1278 429 1314 dem
451 1289 471 1312 e
495 1277 561 1312 Cn.
587 1275 756 1319 Aufidio,
778 1277 986 1320 praetorio,
1008 1275 1164 1311 erudito
1184 1275 1358 1321 homine,
1379 1277 1500 1314 oculis

335 1345 462 1385 capto,
479 1352 596 1384 saepe
617 1338 824 1373 audiebam
846 1350 934 1373 cum
952 1350 992 1373 se
1009 1337 1105 1374 lucis
1121 1341 1245 1383 magis
1261 1351 1377 1384 quam
1394 1340 1498 1376 utili-

337 1406 430 1440 tatis
466 1402 664 1438 desiderio
697 1403 845 1436 moveri
881 1400 1042 1436 diceret.
1102 1400 1291 1437 Somnum
1325 1402 1498 1447 denique

336 1466 460 1510 nobis,
478 1468 551 1501 nisi
568 1466 789 1508 requietem
812 1463 1037 1508 corporibus
1059 1468 1100 1499 et
1120 1464 1357 1500 medicinam
1377 1478 1498 1510 quan-

335 1529 426 1565 dam
465 1528 608 1564 laboris
647 1526 816 1571 afferret,
857 1531 994 1562 contra
1040 1531 1221 1562 naturam
1268 1532 1497 1572 putaremus

333 1592 496 1634 datum3
525 1590 655 1626 aufert
683 1592 787 1625 enim
816 1601 952 1625 sensus
979 1592 1255 1634 actionemque
1282 1590 1388 1627 tollit
1413 1605 1495 1627 om-

332 1667 449 1697 nem;
478 1657 613 1698 itaque
634 1656 663 1688 si
692 1657 760 1688 aut
786 1655 1006 1697 requietem
1028 1657 1167 1688 natura
1187 1665 1266 1688 non
1287 1660 1496 1698 quaereret

332 1723 400 1754 aut
421 1730 506 1753 eam
528 1720 661 1762 posset
681 1715 756 1750 alia
783 1714 953 1759 quadam
979 1718 1132 1751 ratione
1160 1719 1358 1761 consequi,
1380 1717 1494 1754 facile

331 1786 570 1826 pateremur,
592 1782 657 1823 qui
680 1781 798 1813 etiam
820 1790 926 1813 nunc
949 1777 1092 1821 agendi
1121 1778 1268 1822 aliquid
1296 1779 1492 1816 discendi-

328 1856 404 1889 que
436 1855 550 1878 causa
580 1854 700 1886 prope
731 1845 867 1876 contra
897 1845 1075 1875 naturam
1110 1841 1259 1884 vigilias
1293 1845 1490 1888 suscipere

327 1906 530 1942 soleamus.

249 1973 295 2006 55
383 1968 467 2004 XX.
493 1959 515 1975 (ί
527 1967 626 2004 Sunt
637 1971 769 2002 autem
781 1969 898 2001 etiam
911 1966 1069 2002 clariora
1085 1967 1145 2003 vel
1160 1967 1276 2012 plane
1286 1971 1489 2013 perspicua

324 2035 564 2075 minimeque
578 2028 794 2065 dubitanda
811 2029 952 2064 indicia
968 2034 1143 2070 naturae,
1156 2033 1325 2066 maxime
1339 2030 1488 2068 scilicet

436 2090 512 2121 454
