<?xml version="1.0" encoding="UTF-8"?>
<!DOCTYPE html PUBLIC "-//W3C//DTD XHTML 1.0 Transitional//EN"
    "http://www.w3.org/TR/xhtml1/DTD/xhtml1-transitional.dtd">
<html xmlns="http://www.w3.org/1999/xhtml" xml:lang="en" lang="en">
 <head>
  <title>
</title>
<meta http-equiv="Content-Type" content="text/html;charset=utf-8" />
  <meta name='ocr-system' content='tesseract 3.04.00' />
  <meta name='ocr-capabilities' content='ocr_page ocr_carea ocr_par ocr_line ocrx_word'/>
</head>
<body>
  <div class='ocr_page' id='page_1' title='image "./definibusbonorum00cice_0048.png"; bbox 0 0 1574 2359; ppageno 0'>
   <div class='ocr_carea' id='block_1_1' title="bbox 212 799 258 832">
    <p class='ocr_par' dir='ltr' id='par_1_1' title="bbox 212 799 258 832">
     <span class='ocr_line' id='line_1_1' title="bbox 212 799 258 832; baseline -0.022 0"><span class='ocrx_word' id='word_1_1' title='bbox 212 799 258 832; x_wconf 57' lang='lat'>14</span> 
     </span>
    </p>
   </div>
   <div class='ocr_carea' id='block_1_2' title="bbox 594 110 1144 153">
    <p class='ocr_par' dir='ltr' id='par_1_2' title="bbox 594 110 1144 153">
     <span class='ocr_line' id='line_1_2' title="bbox 594 110 1144 153; baseline 0.005 -3"><span class='ocrx_word' id='word_1_2' title='bbox 594 114 789 151; x_wconf 87' lang='lat' dir='ltr'>CICERO</span> <span class='ocrx_word' id='word_1_3' title='bbox 820 114 895 151; x_wconf 90' lang='lat' dir='ltr'>DE</span> <span class='ocrx_word' id='word_1_4' title='bbox 925 110 1144 153; x_wconf 82' lang='lat' dir='ltr'>FINIBUS</span> 
     </span>
    </p>
   </div>
   <div class='ocr_carea' id='block_1_3' title="bbox 284 193 1460 1977">
    <p class='ocr_par' dir='ltr' id='par_1_3' title="bbox 284 193 1453 506">
     <span class='ocr_line' id='line_1_3' title="bbox 284 193 1451 241; baseline 0 -10"><span class='ocrx_word' id='word_1_5' title='bbox 284 197 323 231; x_wconf 93' lang='lat' dir='ltr'>in</span> <span class='ocrx_word' id='word_1_6' title='bbox 356 193 532 231; x_wconf 88' lang='lat' dir='ltr'>medium</span> <span class='ocrx_word' id='word_1_7' title='bbox 565 193 725 240; x_wconf 87' lang='lat' dir='ltr'>Epicuri</span> <span class='ocrx_word' id='word_1_8' title='bbox 755 196 868 240; x_wconf 79' lang='lat' dir='ltr'>ratio,</span> <span class='ocrx_word' id='word_1_9' title='bbox 899 207 999 240; x_wconf 84' lang='lat' dir='ltr'>quae</span> <span class='ocrx_word' id='word_1_10' title='bbox 1025 194 1223 241; x_wconf 90' lang='lat' dir='ltr'>plerisque</span> <span class='ocrx_word' id='word_1_11' title='bbox 1249 198 1451 233; x_wconf 85' lang='lat' dir='ltr'>notissima</span> 
     </span>
     <span class='ocr_line' id='line_1_4' title="bbox 287 260 1453 308; baseline -0.001 -10"><span class='ocrx_word' id='word_1_12' title='bbox 287 265 366 305; x_wconf 88' lang='lat' dir='ltr'>est;</span> <span class='ocrx_word' id='word_1_13' title='bbox 397 273 515 306; x_wconf 89' lang='lat' dir='ltr'>quam</span> <span class='ocrx_word' id='word_1_14' title='bbox 545 273 568 296; x_wconf 89' lang='lat' dir='ltr'>a</span> <span class='ocrx_word' id='word_1_15' title='bbox 597 261 711 297; x_wconf 90' lang='lat' dir='ltr'>nobis</span> <span class='ocrx_word' id='word_1_16' title='bbox 743 263 796 297; x_wconf 89' lang='lat' dir='ltr'>sic</span> <span class='ocrx_word' id='word_1_17' title='bbox 827 260 1039 306; x_wconf 77' lang='lat' dir='ltr'>intelleges</span> <span class='ocrx_word' id='word_1_18' title='bbox 1071 265 1301 308; x_wconf 79' lang='lat' dir='ltr'>expositam,</span> <span class='ocrx_word' id='word_1_19' title='bbox 1329 267 1374 299; x_wconf 89' lang='lat' dir='ltr'>ut</span> <span class='ocrx_word' id='word_1_20' title='bbox 1405 262 1453 298; x_wconf 89' lang='lat' dir='ltr'>ab</span> 
     </span>
     <span class='ocr_line' id='line_1_5' title="bbox 286 326 1453 373; baseline 0 -9"><span class='ocrx_word' id='word_1_21' title='bbox 286 330 379 373; x_wconf 86' lang='lat' dir='ltr'>ipsis</span> <span class='ocrx_word' id='word_1_22' title='bbox 400 329 467 372; x_wconf 87' lang='lat' dir='ltr'>qui</span> <span class='ocrx_word' id='word_1_23' title='bbox 489 340 575 364; x_wconf 86' lang='lat' dir='ltr'>eam</span> <span class='ocrx_word' id='word_1_24' title='bbox 597 326 844 373; x_wconf 82' lang='lat' dir='ltr'>disciplinam</span> <span class='ocrx_word' id='word_1_25' title='bbox 864 328 1035 373; x_wconf 89' lang='lat' dir='ltr'>probant</span> <span class='ocrx_word' id='word_1_26' title='bbox 1053 341 1134 364; x_wconf 92' lang='lat' dir='ltr'>non</span> <span class='ocrx_word' id='word_1_27' title='bbox 1154 328 1278 365; x_wconf 82' lang='lat' dir='ltr'>soleat</span> <span class='ocrx_word' id='word_1_28' title='bbox 1297 341 1453 365; x_wconf 87' lang='lat' dir='ltr'>accura-</span> 
     </span>
     <span class='ocr_line' id='line_1_6' title="bbox 286 393 1453 440; baseline 0 -9"><span class='ocrx_word' id='word_1_29' title='bbox 286 396 364 431; x_wconf 85' lang='lat' dir='ltr'>tius</span> <span class='ocrx_word' id='word_1_30' title='bbox 385 393 582 439; x_wconf 88' lang='lat' dir='ltr'>explicari.</span> <span class='ocrx_word' id='word_1_31' title='bbox 642 393 791 430; x_wconf 87' lang='lat' dir='ltr'>Verum</span> <span class='ocrx_word' id='word_1_32' title='bbox 821 397 927 430; x_wconf 89' lang='lat' dir='ltr'>enim</span> <span class='ocrx_word' id='word_1_33' title='bbox 955 397 1132 431; x_wconf 89' lang='lat' dir='ltr'>invenire</span> <span class='ocrx_word' id='word_1_34' title='bbox 1162 395 1353 440; x_wconf 77' lang='lat' dir='ltr'>volumus,</span> <span class='ocrx_word' id='word_1_35' title='bbox 1374 408 1453 431; x_wconf 90' lang='lat' dir='ltr'>non</span> 
     </span>
     <span class='ocr_line' id='line_1_7' title="bbox 287 460 1227 506; baseline 0.001 -9"><span class='ocrx_word' id='word_1_36' title='bbox 287 465 488 506; x_wconf 80' lang='lat' dir='ltr'>tamquam</span> <span class='ocrx_word' id='word_1_37' title='bbox 507 460 773 497; x_wconf 88' lang='lat' dir='ltr'>adversarium</span> <span class='ocrx_word' id='word_1_38' title='bbox 793 460 965 506; x_wconf 83' lang='lat' dir='ltr'>aliquem</span> <span class='ocrx_word' id='word_1_39' title='bbox 985 464 1227 498; x_wconf 83' lang='lat' dir='ltr'>convincere.</span> 
     </span>
    </p>

    <p class='ocr_par' dir='ltr' id='par_1_4' title="bbox 287 527 1460 1977">
     <span class='ocr_line' id='line_1_8' title="bbox 342 527 1451 574; baseline 0.002 -11"><span class='ocrx_word' id='word_1_40' title='bbox 342 528 536 563; x_wconf 86' lang='lat' dir='ltr'>Accurate</span> <span class='ocrx_word' id='word_1_41' title='bbox 557 532 692 564; x_wconf 86' lang='lat' dir='ltr'>autem</span> <span class='ocrx_word' id='word_1_42' title='bbox 712 527 912 573; x_wconf 81' lang='lat' dir='ltr'>quondam</span> <span class='ocrx_word' id='word_1_43' title='bbox 937 541 960 564; x_wconf 87' lang='lat' dir='ltr'>a</span> <span class='ocrx_word' id='word_1_44' title='bbox 987 527 1030 564; x_wconf 94' lang='lat' dir='ltr'>L.</span> <span class='ocrx_word' id='word_1_45' title='bbox 1053 527 1264 574; x_wconf 73' lang='lat' dir='ltr'>Torquato,</span> <span class='ocrx_word' id='word_1_46' title='bbox 1290 528 1451 565; x_wconf 86' lang='lat' dir='ltr'>homine</span> 
     </span>
     <span class='ocr_line' id='line_1_9' title="bbox 287 594 1453 640; baseline 0.001 -10"><span class='ocrx_word' id='word_1_47' title='bbox 287 597 393 631; x_wconf 88' lang='lat' dir='ltr'>omni</span> <span class='ocrx_word' id='word_1_48' title='bbox 414 594 593 630; x_wconf 85' lang='lat' dir='ltr'>doctrina</span> <span class='ocrx_word' id='word_1_49' title='bbox 614 594 783 640; x_wconf 84' lang='lat' dir='ltr'>erudito,</span> <span class='ocrx_word' id='word_1_50' title='bbox 804 594 968 631; x_wconf 86' lang='lat' dir='ltr'>defensa</span> <span class='ocrx_word' id='word_1_51' title='bbox 988 599 1048 631; x_wconf 91' lang='lat' dir='ltr'>est</span> <span class='ocrx_word' id='word_1_52' title='bbox 1075 595 1233 640; x_wconf 87' lang='lat' dir='ltr'>Epicuri</span> <span class='ocrx_word' id='word_1_53' title='bbox 1254 599 1453 632; x_wconf 80' lang='lat' dir='ltr'>sententia</span> 
     </span>
     <span class='ocr_line' id='line_1_10' title="bbox 288 660 1453 707; baseline 0 -9"><span class='ocrx_word' id='word_1_54' title='bbox 288 661 337 698; x_wconf 84' lang='lat' dir='ltr'>de</span> <span class='ocrx_word' id='word_1_55' title='bbox 354 660 571 707; x_wconf 74' lang='lat' dir='ltr'>voluptate,</span> <span class='ocrx_word' id='word_1_56' title='bbox 588 674 609 697; x_wconf 89' lang='lat' dir='ltr'>a</span> <span class='ocrx_word' id='word_1_57' title='bbox 629 674 772 707; x_wconf 87' lang='lat' dir='ltr'>meque</span> <span class='ocrx_word' id='word_1_58' title='bbox 790 663 825 698; x_wconf 87' lang='lat' dir='ltr'>ei</span> <span class='ocrx_word' id='word_1_59' title='bbox 846 674 1087 707; x_wconf 78' lang='lat' dir='ltr'>responsum,</span> <span class='ocrx_word' id='word_1_60' title='bbox 1102 675 1190 698; x_wconf 86' lang='lat' dir='ltr'>cum</span> <span class='ocrx_word' id='word_1_61' title='bbox 1212 662 1250 698; x_wconf 93' lang='lat' dir='ltr'>C.</span> <span class='ocrx_word' id='word_1_62' title='bbox 1270 662 1453 706; x_wconf 84' lang='lat' dir='ltr'>Triarius,</span> 
     </span>
     <span class='ocr_line' id='line_1_11' title="bbox 288 727 1454 774; baseline 0.001 -11"><span class='ocrx_word' id='word_1_63' title='bbox 288 730 329 764; x_wconf 87' lang='lat' dir='ltr'>in</span> <span class='ocrx_word' id='word_1_64' title='bbox 350 730 483 774; x_wconf 88' lang='lat' dir='ltr'>primis</span> <span class='ocrx_word' id='word_1_65' title='bbox 506 730 634 773; x_wconf 84' lang='lat' dir='ltr'>gravis</span> <span class='ocrx_word' id='word_1_66' title='bbox 655 733 697 765; x_wconf 90' lang='lat' dir='ltr'>et</span> <span class='ocrx_word' id='word_1_67' title='bbox 716 728 856 765; x_wconf 91' lang='lat' dir='ltr'>doctus</span> <span class='ocrx_word' id='word_1_68' title='bbox 876 727 1120 773; x_wconf 75' lang='lat' dir='ltr'>adulescens,</span> <span class='ocrx_word' id='word_1_69' title='bbox 1142 731 1178 765; x_wconf 90' lang='lat' dir='ltr'>ei</span> <span class='ocrx_word' id='word_1_70' title='bbox 1198 729 1454 774; x_wconf 83' lang='lat' dir='ltr'>disputationi</span> 
     </span>
     <span class='ocr_line' id='line_1_12' title="bbox 289 794 1455 832; baseline 0 -1"><span class='ocrx_word' id='word_1_71' title='bbox 289 797 511 831; x_wconf 78' lang='lat' dir='ltr'>interesset.</span> <span class='ocrx_word' id='word_1_72' title='bbox 574 794 675 830; x_wconf 88' lang='lat' dir='ltr'>Nam</span> <span class='ocrx_word' id='word_1_73' title='bbox 696 807 786 831; x_wconf 85' lang='lat' dir='ltr'>culn</span> <span class='ocrx_word' id='word_1_74' title='bbox 806 794 855 831; x_wconf 90' lang='lat' dir='ltr'>ad</span> <span class='ocrx_word' id='word_1_75' title='bbox 872 807 935 831; x_wconf 90' lang='lat' dir='ltr'>me</span> <span class='ocrx_word' id='word_1_76' title='bbox 956 797 997 830; x_wconf 91' lang='lat' dir='ltr'>in</span> <span class='ocrx_word' id='word_1_77' title='bbox 1019 795 1236 831; x_wconf 86' lang='lat' dir='ltr'>Cumanum</span> <span class='ocrx_word' id='word_1_78' title='bbox 1258 795 1455 832; x_wconf 85' lang='lat' dir='ltr'>salutandi</span> 
     </span>
     <span class='ocr_line' id='line_1_13' title="bbox 290 862 1455 907; baseline 0.001 -9"><span class='ocrx_word' id='word_1_79' title='bbox 290 874 404 899; x_wconf 86' lang='lat' dir='ltr'>causa</span> <span class='ocrx_word' id='word_1_80' title='bbox 433 866 602 907; x_wconf 89' lang='lat' dir='ltr'>uterque</span> <span class='ocrx_word' id='word_1_81' title='bbox 637 864 822 906; x_wconf 74' lang='lat' dir='ltr'>venisset,</span> <span class='ocrx_word' id='word_1_82' title='bbox 857 874 980 907; x_wconf 76' lang='lat' dir='ltr'>pauca</span> <span class='ocrx_word' id='word_1_83' title='bbox 1013 864 1138 907; x_wconf 86' lang='lat' dir='ltr'>primo</span> <span class='ocrx_word' id='word_1_84' title='bbox 1169 864 1274 898; x_wconf 90' lang='lat' dir='ltr'>inter</span> <span class='ocrx_word' id='word_1_85' title='bbox 1303 875 1372 898; x_wconf 90' lang='lat' dir='ltr'>nos</span> <span class='ocrx_word' id='word_1_86' title='bbox 1405 862 1455 899; x_wconf 84' lang='lat' dir='ltr'>de</span> 
     </span>
     <span class='ocr_line' id='line_1_14' title="bbox 289 929 1453 974; baseline 0 -9"><span class='ocrx_word' id='word_1_87' title='bbox 289 929 446 974; x_wconf 85' lang='lat' dir='ltr'>litteris,</span> <span class='ocrx_word' id='word_1_88' title='bbox 474 941 638 974; x_wconf 88' lang='lat' dir='ltr'>quarum</span> <span class='ocrx_word' id='word_1_89' title='bbox 666 941 862 965; x_wconf 88' lang='lat' dir='ltr'>summum</span> <span class='ocrx_word' id='word_1_90' title='bbox 888 933 972 965; x_wconf 86' lang='lat' dir='ltr'>erat</span> <span class='ocrx_word' id='word_1_91' title='bbox 998 931 1040 965; x_wconf 92' lang='lat' dir='ltr'>in</span> <span class='ocrx_word' id='word_1_92' title='bbox 1063 933 1230 974; x_wconf 86' lang='lat' dir='ltr'>utroque</span> <span class='ocrx_word' id='word_1_93' title='bbox 1258 929 1453 973; x_wconf 78' lang='lat' dir='ltr'>studium3</span> 
     </span>
     <span class='ocr_line' id='line_1_15' title="bbox 289 986 1451 1041; baseline 0 -9"><span class='ocrx_word' id='word_1_94' title='bbox 289 995 435 1033; x_wconf 87' lang='lat' dir='ltr'>deinde</span> <span class='ocrx_word' id='word_1_95' title='bbox 483 994 716 1040; x_wconf 80' lang='lat' dir='ltr'>Torquatus,</span> <span class='ocrx_word' id='word_1_96' title='bbox 761 986 990 1040; x_wconf 75' lang='lat' dir='ltr'>“Quoniam</span> <span class='ocrx_word' id='word_1_97' title='bbox 1038 998 1144 1032; x_wconf 85' lang='lat' dir='ltr'>nacti</span> <span class='ocrx_word' id='word_1_98' title='bbox 1191 995 1270 1040; x_wconf 78' lang='lat' dir='ltr'>te‚&#39;’</span> <span class='ocrx_word' id='word_1_99' title='bbox 1311 998 1451 1041; x_wconf 81' lang='lat' dir='ltr'>inquit,</span> 
     </span>
     <span class='ocr_line' id='line_1_16' title="bbox 292 1053 1453 1108; baseline 0.001 -10"><span class='ocrx_word' id='word_1_100' title='bbox 292 1053 457 1099; x_wconf 78' lang='lat' dir='ltr'>“sumus</span> <span class='ocrx_word' id='word_1_101' title='bbox 470 1061 680 1107; x_wconf 83' lang='lat' dir='ltr'>aliquando</span> <span class='ocrx_word' id='word_1_102' title='bbox 690 1065 871 1106; x_wconf 87' lang='lat' dir='ltr'>otiosum,</span> <span class='ocrx_word' id='word_1_103' title='bbox 883 1067 990 1099; x_wconf 85' lang='lat' dir='ltr'>certe</span> <span class='ocrx_word' id='word_1_104' title='bbox 1003 1061 1158 1099; x_wconf 81' lang='lat' dir='ltr'>audiam</span> <span class='ocrx_word' id='word_1_105' title='bbox 1175 1063 1269 1108; x_wconf 89' lang='lat' dir='ltr'>quid</span> <span class='ocrx_word' id='word_1_106' title='bbox 1283 1066 1333 1099; x_wconf 85' lang='lat' dir='ltr'>sit</span> <span class='ocrx_word' id='word_1_107' title='bbox 1348 1063 1453 1108; x_wconf 90' lang='lat' dir='ltr'>quod</span> 
     </span>
     <span class='ocr_line' id='line_1_17' title="bbox 293 1128 1452 1175; baseline 0 -10"><span class='ocrx_word' id='word_1_108' title='bbox 293 1129 506 1175; x_wconf 85' lang='lat' dir='ltr'>Epicurum</span> <span class='ocrx_word' id='word_1_109' title='bbox 538 1133 717 1166; x_wconf 88' lang='lat' dir='ltr'>nostrum</span> <span class='ocrx_word' id='word_1_110' title='bbox 748 1142 828 1165; x_wconf 92' lang='lat' dir='ltr'>non</span> <span class='ocrx_word' id='word_1_111' title='bbox 860 1134 903 1165; x_wconf 90' lang='lat' dir='ltr'>tu</span> <span class='ocrx_word' id='word_1_112' title='bbox 936 1128 1097 1174; x_wconf 89' lang='lat' dir='ltr'>quidem</span> <span class='ocrx_word' id='word_1_113' title='bbox 1126 1129 1266 1174; x_wconf 87' lang='lat' dir='ltr'>oderis,</span> <span class='ocrx_word' id='word_1_114' title='bbox 1296 1134 1341 1166; x_wconf 90' lang='lat' dir='ltr'>ut</span> <span class='ocrx_word' id='word_1_115' title='bbox 1370 1130 1452 1166; x_wconf 79' lang='lat' dir='ltr'>fere</span> 
     </span>
     <span class='ocr_line' id='line_1_18' title="bbox 293 1195 1455 1242; baseline 0.001 -11"><span class='ocrx_word' id='word_1_116' title='bbox 293 1196 443 1232; x_wconf 79' lang='lat' dir='ltr'>faciunt</span> <span class='ocrx_word' id='word_1_117' title='bbox 466 1197 531 1240; x_wconf 90' lang='lat' dir='ltr'>qui</span> <span class='ocrx_word' id='word_1_118' title='bbox 551 1195 601 1232; x_wconf 90' lang='lat' dir='ltr'>ab</span> <span class='ocrx_word' id='word_1_119' title='bbox 623 1208 669 1232; x_wconf 89' lang='lat' dir='ltr'>eo</span> <span class='ocrx_word' id='word_1_120' title='bbox 690 1195 944 1241; x_wconf 85' lang='lat' dir='ltr'>dissentiunt,</span> <span class='ocrx_word' id='word_1_121' title='bbox 967 1195 1038 1232; x_wconf 90' lang='lat' dir='ltr'>sed</span> <span class='ocrx_word' id='word_1_122' title='bbox 1063 1200 1172 1233; x_wconf 87' lang='lat' dir='ltr'>certe</span> <span class='ocrx_word' id='word_1_123' title='bbox 1194 1209 1274 1232; x_wconf 89' lang='lat' dir='ltr'>non</span> <span class='ocrx_word' id='word_1_124' title='bbox 1300 1197 1455 1242; x_wconf 87' lang='lat' dir='ltr'>probes,</span> 
     </span>
     <span class='ocr_line' id='line_1_19' title="bbox 293 1262 1456 1307; baseline 0 -8"><span class='ocrx_word' id='word_1_125' title='bbox 293 1275 384 1300; x_wconf 89' lang='lat' dir='ltr'>eum</span> <span class='ocrx_word' id='word_1_126' title='bbox 414 1275 532 1307; x_wconf 89' lang='lat' dir='ltr'>quem</span> <span class='ocrx_word' id='word_1_127' title='bbox 562 1275 636 1307; x_wconf 89' lang='lat' dir='ltr'>ego</span> <span class='ocrx_word' id='word_1_128' title='bbox 662 1262 830 1298; x_wconf 85' lang='lat' dir='ltr'>arbitror</span> <span class='ocrx_word' id='word_1_129' title='bbox 855 1275 978 1298; x_wconf 89' lang='lat' dir='ltr'>unum</span> <span class='ocrx_word' id='word_1_130' title='bbox 1004 1262 1147 1299; x_wconf 88' lang='lat' dir='ltr'>vidisse</span> <span class='ocrx_word' id='word_1_131' title='bbox 1173 1275 1309 1299; x_wconf 84' lang='lat' dir='ltr'>verum</span> <span class='ocrx_word' id='word_1_132' title='bbox 1335 1266 1456 1299; x_wconf 86' lang='lat' dir='ltr'>maxi-</span> 
     </span>
     <span class='ocr_line' id='line_1_20' title="bbox 292 1328 1460 1374; baseline 0 -8"><span class='ocrx_word' id='word_1_133' title='bbox 292 1331 444 1374; x_wconf 87' lang='lat' dir='ltr'>misque</span> <span class='ocrx_word' id='word_1_134' title='bbox 484 1329 678 1365; x_wconf 88' lang='lat' dir='ltr'>erroribus</span> <span class='ocrx_word' id='word_1_135' title='bbox 715 1331 865 1366; x_wconf 86' lang='lat' dir='ltr'>animos</span> <span class='ocrx_word' id='word_1_136' title='bbox 904 1329 1108 1365; x_wconf 85' lang='lat' dir='ltr'>hominum</span> <span class='ocrx_word' id='word_1_137' title='bbox 1153 1328 1378 1366; x_wconf 78' lang='lat' dir='ltr'>liberavisse</span> <span class='ocrx_word' id='word_1_138' title='bbox 1418 1335 1460 1367; x_wconf 89' lang='lat' dir='ltr'>et</span> 
     </span>
     <span class='ocr_line' id='line_1_21' title="bbox 293 1394 1458 1442; baseline 0.002 -11"><span class='ocrx_word' id='word_1_139' title='bbox 293 1398 425 1432; x_wconf 89' lang='lat' dir='ltr'>omnia</span> <span class='ocrx_word' id='word_1_140' title='bbox 446 1394 654 1432; x_wconf 87' lang='lat' dir='ltr'>tradidisse</span> <span class='ocrx_word' id='word_1_141' title='bbox 675 1409 775 1441; x_wconf 86' lang='lat' dir='ltr'>quae</span> <span class='ocrx_word' id='word_1_142' title='bbox 796 1398 1046 1441; x_wconf 86' lang='lat' dir='ltr'>pertinerent</span> <span class='ocrx_word' id='word_1_143' title='bbox 1065 1395 1115 1432; x_wconf 84' lang='lat' dir='ltr'>ad</span> <span class='ocrx_word' id='word_1_144' title='bbox 1138 1396 1241 1433; x_wconf 90' lang='lat' dir='ltr'>bene</span> <span class='ocrx_word' id='word_1_145' title='bbox 1262 1396 1458 1442; x_wconf 83' lang='lat' dir='ltr'>beateque</span> 
     </span>
     <span class='ocr_line' id='line_1_22' title="bbox 294 1461 1457 1508; baseline 0.001 -10"><span class='ocrx_word' id='word_1_146' title='bbox 294 1461 527 1506; x_wconf 80' lang='lat' dir='ltr'>vivendum3</span> <span class='ocrx_word' id='word_1_147' title='bbox 557 1462 628 1499; x_wconf 84' lang='lat' dir='ltr'>sed</span> <span class='ocrx_word' id='word_1_148' title='bbox 649 1465 831 1499; x_wconf 84' lang='lat' dir='ltr'>existimo</span> <span class='ocrx_word' id='word_1_149' title='bbox 851 1467 906 1508; x_wconf 76' lang='lat' dir='ltr'>te,</span> <span class='ocrx_word' id='word_1_150' title='bbox 927 1465 1028 1499; x_wconf 87' lang='lat' dir='ltr'>sicut</span> <span class='ocrx_word' id='word_1_151' title='bbox 1054 1468 1231 1499; x_wconf 89' lang='lat' dir='ltr'>nostrum</span> <span class='ocrx_word' id='word_1_152' title='bbox 1252 1462 1457 1507; x_wconf 77' lang='lat' dir='ltr'>Triarium,</span> 
     </span>
     <span class='ocr_line' id='line_1_23' title="bbox 294 1528 1457 1575; baseline 0.002 -11"><span class='ocrx_word' id='word_1_153' title='bbox 294 1531 423 1564; x_wconf 90' lang='lat' dir='ltr'>minus</span> <span class='ocrx_word' id='word_1_154' title='bbox 444 1529 493 1565; x_wconf 86' lang='lat' dir='ltr'>ab</span> <span class='ocrx_word' id='word_1_155' title='bbox 514 1541 561 1565; x_wconf 90' lang='lat' dir='ltr'>eo</span> <span class='ocrx_word' id='word_1_156' title='bbox 582 1528 774 1565; x_wconf 88' lang='lat' dir='ltr'>delectari</span> <span class='ocrx_word' id='word_1_157' title='bbox 793 1529 899 1574; x_wconf 90' lang='lat' dir='ltr'>quod</span> <span class='ocrx_word' id='word_1_158' title='bbox 926 1532 1001 1565; x_wconf 85' lang='lat' dir='ltr'>ista</span> <span class='ocrx_word' id='word_1_159' title='bbox 1029 1528 1216 1575; x_wconf 79' lang='lat' dir='ltr'>Platonis,</span> <span class='ocrx_word' id='word_1_160' title='bbox 1238 1529 1457 1574; x_wconf 81' lang='lat' dir='ltr'>Aristoteli,</span> 
     </span>
     <span class='ocr_line' id='line_1_24' title="bbox 293 1594 1456 1641; baseline 0.001 -10"><span class='ocrx_word' id='word_1_161' title='bbox 293 1594 556 1640; x_wconf 84' lang='lat' dir='ltr'>Theophrasti</span> <span class='ocrx_word' id='word_1_162' title='bbox 588 1598 772 1632; x_wconf 80' lang='lat' dir='ltr'>orationis</span> <span class='ocrx_word' id='word_1_163' title='bbox 802 1601 1033 1632; x_wconf 85' lang='lat' dir='ltr'>ornamenta</span> <span class='ocrx_word' id='word_1_164' title='bbox 1062 1595 1294 1641; x_wconf 85' lang='lat' dir='ltr'>neglexerit.</span> <span class='ocrx_word' id='word_1_165' title='bbox 1355 1596 1456 1633; x_wconf 85' lang='lat' dir='ltr'>Nam</span> 
     </span>
     <span class='ocr_line' id='line_1_25' title="bbox 294 1661 1458 1708; baseline 0.002 -11"><span class='ocrx_word' id='word_1_166' title='bbox 294 1661 393 1698; x_wconf 88' lang='lat' dir='ltr'>illud</span> <span class='ocrx_word' id='word_1_167' title='bbox 414 1662 575 1707; x_wconf 86' lang='lat' dir='ltr'>quidem</span> <span class='ocrx_word' id='word_1_168' title='bbox 595 1662 738 1698; x_wconf 84' lang='lat' dir='ltr'>adduci</span> <span class='ocrx_word' id='word_1_169' title='bbox 759 1665 821 1698; x_wconf 80' lang='lat' dir='ltr'>vix</span> <span class='ocrx_word' id='word_1_170' title='bbox 841 1676 1013 1708; x_wconf 80' lang='lat' dir='ltr'>possum,</span> <span class='ocrx_word' id='word_1_171' title='bbox 1033 1668 1078 1700; x_wconf 92' lang='lat' dir='ltr'>ut</span> <span class='ocrx_word' id='word_1_172' title='bbox 1099 1676 1145 1699; x_wconf 84' lang='lat' dir='ltr'>ea</span> <span class='ocrx_word' id='word_1_173' title='bbox 1165 1676 1264 1708; x_wconf 88' lang='lat' dir='ltr'>quae</span> <span class='ocrx_word' id='word_1_174' title='bbox 1291 1666 1458 1700; x_wconf 86' lang='lat' dir='ltr'>senserit</span> 
     </span>
     <span class='ocr_line' id='line_1_26' title="bbox 294 1719 1458 1776; baseline 0.003 -12"><span class='ocrx_word' id='word_1_175' title='bbox 294 1728 361 1764; x_wconf 87' lang='lat' dir='ltr'>ille</span> <span class='ocrx_word' id='word_1_176' title='bbox 382 1728 455 1765; x_wconf 86' lang='lat' dir='ltr'>tibi</span> <span class='ocrx_word' id='word_1_177' title='bbox 475 1741 554 1764; x_wconf 89' lang='lat' dir='ltr'>non</span> <span class='ocrx_word' id='word_1_178' title='bbox 575 1742 665 1765; x_wconf 83' lang='lat' dir='ltr'>vera</span> <span class='ocrx_word' id='word_1_179' title='bbox 687 1729 933 1766; x_wconf 77' lang='lat' dir='ltr'>videantur.&#39;&#39;</span> <span class='ocrx_word' id='word_1_180' title='bbox 993 1719 1126 1766; x_wconf 81' lang='lat' dir='ltr'>“Vide</span> <span class='ocrx_word' id='word_1_181' title='bbox 1148 1730 1377 1776; x_wconf 82' lang='lat' dir='ltr'>quantum,’&#39;</span> <span class='ocrx_word' id='word_1_182' title='bbox 1399 1733 1458 1767; x_wconf 90' lang='lat' dir='ltr'>in-</span> 
     </span>
     <span class='ocr_line' id='line_1_27' title="bbox 295 1785 1457 1842; baseline 0.003 -13"><span class='ocrx_word' id='word_1_183' title='bbox 295 1808 424 1840; x_wconf 85' lang='lat' dir='ltr'>quam,</span> <span class='ocrx_word' id='word_1_184' title='bbox 451 1785 633 1840; x_wconf 75' lang='lat' dir='ltr'>“fallare,</span> <span class='ocrx_word' id='word_1_185' title='bbox 658 1794 868 1841; x_wconf 87' lang='lat' dir='ltr'>Torquate.</span> <span class='ocrx_word' id='word_1_186' title='bbox 929 1796 1066 1833; x_wconf 86' lang='lat' dir='ltr'>Oratio</span> <span class='ocrx_word' id='word_1_187' title='bbox 1092 1809 1156 1833; x_wconf 88' lang='lat' dir='ltr'>me</span> <span class='ocrx_word' id='word_1_188' title='bbox 1188 1799 1300 1833; x_wconf 87' lang='lat' dir='ltr'>istius</span> <span class='ocrx_word' id='word_1_189' title='bbox 1330 1796 1457 1842; x_wconf 90' lang='lat' dir='ltr'>philo-</span> 
     </span>
     <span class='ocr_line' id='line_1_28' title="bbox 294 1860 1458 1910; baseline 0.002 -12"><span class='ocrx_word' id='word_1_190' title='bbox 294 1860 406 1906; x_wconf 88' lang='lat' dir='ltr'>sophi</span> <span class='ocrx_word' id='word_1_191' title='bbox 426 1873 506 1897; x_wconf 89' lang='lat' dir='ltr'>non</span> <span class='ocrx_word' id='word_1_192' title='bbox 523 1861 706 1905; x_wconf 82' lang='lat' dir='ltr'>offendit3</span> <span class='ocrx_word' id='word_1_193' title='bbox 736 1875 828 1898; x_wconf 85' lang='lat' dir='ltr'>nam</span> <span class='ocrx_word' id='word_1_194' title='bbox 849 1867 890 1899; x_wconf 91' lang='lat' dir='ltr'>et</span> <span class='ocrx_word' id='word_1_195' title='bbox 910 1862 1186 1908; x_wconf 86' lang='lat' dir='ltr'>complectitur</span> <span class='ocrx_word' id='word_1_196' title='bbox 1205 1863 1333 1900; x_wconf 88' lang='lat' dir='ltr'>verbis</span> <span class='ocrx_word' id='word_1_197' title='bbox 1353 1864 1458 1910; x_wconf 90' lang='lat' dir='ltr'>quod</span> 
     </span>
     <span class='ocr_line' id='line_1_29' title="bbox 297 1927 1458 1977; baseline 0.004 -13"><span class='ocrx_word' id='word_1_198' title='bbox 297 1927 382 1965; x_wconf 79' lang='lat' dir='ltr'>vult</span> <span class='ocrx_word' id='word_1_199' title='bbox 410 1932 452 1965; x_wconf 87' lang='lat' dir='ltr'>et</span> <span class='ocrx_word' id='word_1_200' title='bbox 476 1927 573 1965; x_wconf 86' lang='lat' dir='ltr'>dicit</span> <span class='ocrx_word' id='word_1_201' title='bbox 596 1927 714 1974; x_wconf 86' lang='lat' dir='ltr'>plane</span> <span class='ocrx_word' id='word_1_202' title='bbox 737 1929 843 1974; x_wconf 88' lang='lat' dir='ltr'>quod</span> <span class='ocrx_word' id='word_1_203' title='bbox 871 1929 1125 1975; x_wconf 85' lang='lat' dir='ltr'>intellegam;</span> <span class='ocrx_word' id='word_1_204' title='bbox 1153 1935 1196 1968; x_wconf 87' lang='lat' dir='ltr'>et</span> <span class='ocrx_word' id='word_1_205' title='bbox 1221 1935 1356 1967; x_wconf 86' lang='lat' dir='ltr'>tamen</span> <span class='ocrx_word' id='word_1_206' title='bbox 1383 1945 1458 1977; x_wconf 84' lang='lat' dir='ltr'>ego</span> 
     </span>
    </p>
   </div>
   <div class='ocr_carea' id='block_1_4' title="bbox 294 1994 1456 2086">
    <p class='ocr_par' dir='ltr' id='par_1_5' title="bbox 294 1994 1456 2086">
     <span class='ocr_line' id='line_1_30' title="bbox 294 1994 1456 2043; baseline 0.004 -13"><span class='ocrx_word' id='word_1_207' title='bbox 294 2008 315 2030; x_wconf 82' lang='lat' dir='ltr'>a</span> <span class='ocrx_word' id='word_1_208' title='bbox 335 1994 581 2040; x_wconf 86' lang='lat' dir='ltr'>philosopho,</span> <span class='ocrx_word' id='word_1_209' title='bbox 602 1997 633 2032; x_wconf 87' lang='lat' dir='ltr'>si</span> <span class='ocrx_word' id='word_1_210' title='bbox 654 1995 789 2032; x_wconf 85' lang='lat' dir='ltr'>afferat</span> <span class='ocrx_word' id='word_1_211' title='bbox 810 1995 1091 2042; x_wconf 87' lang='lat' dir='ltr'>eloquentiam,</span> <span class='ocrx_word' id='word_1_212' title='bbox 1111 2010 1191 2034; x_wconf 88' lang='lat' dir='ltr'>non</span> <span class='ocrx_word' id='word_1_213' title='bbox 1210 2010 1408 2043; x_wconf 84' lang='lat' dir='ltr'>asperner,</span> <span class='ocrx_word' id='word_1_214' title='bbox 1424 2001 1456 2035; x_wconf 88' lang='lat' dir='ltr'>si</span> 
     </span>
     <span class='ocr_line' id='line_1_31' title="bbox 405 2048 452 2086; baseline 0.021 -1"><span class='ocrx_word' id='word_1_215' title='bbox 405 2048 452 2086; x_wconf 83' lang='lat'>16</span> 
     </span>
    </p>
   </div>
  </div>
 </body>
</html>
