1574 2364
214 1017 289 1056 119

623 151 820 189 CICERO
850 151 925 190 DE
955 151 1175 190 FINIBUS

314 232 450 270 cludat
470 243 631 269 necesse
653 235 724 268 est.
767 230 885 276 Quod
906 233 983 267 iam
1002 243 1024 267 a
1043 244 1107 268 me
1129 234 1359 277 exspectare
1379 229 1482 275 noli3

316 309 403 341 tute
425 304 639 348 introspice
660 303 700 338 in
727 306 905 338 mentem
930 306 1041 339 tuam
1067 304 1152 348 ipse
1180 314 1346 348 eamque
1373 302 1479 338 omni

316 376 558 421 cogitatione
607 377 854 419 pertractans
902 377 1137 419 percontare
1175 375 1261 419 ipse
1299 377 1355 418 te,
1393 385 1482 418 per-

319 448 502 491 petuisne
536 443 647 480 malis
679 443 947 489 voluptatibus
978 443 1185 489 perfruens
1216 446 1258 480 in
1290 456 1336 480 ea
1365 456 1482 489 quam

317 528 435 562 saepe
456 515 669 560 usurpabas
696 514 986 560 tranquillitate
1013 514 1162 560 degere
1189 527 1347 551 omnem
1375 518 1483 550 aeta-

316 592 401 624 tem
417 588 501 623 sine
517 585 666 631 dolore,
680 590 882 631 assumpto
899 587 1020 622 etiam
1035 585 1103 622 illo
1119 584 1225 631 quod
1241 598 1306 622 vos
1322 584 1483 631 quidem

317 658 535 702 adiungere
564 656 700 693 soletis
729 655 800 693 sed
830 656 914 693 fieri
942 669 1022 693 non
1052 660 1198 702 potest,
1226 659 1310 693 sine
1338 655 1482 692 doloris

317 733 442 774 metu,
462 740 525 773 an,
547 740 637 764 cum
666 727 717 764 de
746 727 928 764 omnibus
958 728 1147 773 gentibus
1177 730 1326 773 optime
1355 739 1482 764 mere-

317 812 417 844 rere,
438 811 527 835 cum
548 811 664 845 opem
684 797 957 843 indigentibus
985 798 1233 844 salutemque
1263 797 1399 843 ferres,
1419 796 1481 834 vel

320 869 506 908 Herculis
527 871 683 915 perpeti
697 881 915 906 aerumnas.
975 869 1039 907 Sic
1056 871 1162 906 enim
1178 871 1343 906 maiores
1359 871 1479 905 nostri

318 942 471 978 labores
487 953 566 977 non
582 939 792 985 fugiendos
807 942 1031 977 tristissimo
1047 944 1181 977 tamen
1195 941 1314 977 verbo
1330 952 1482 977 aerum-

319 1025 388 1049 nas
420 1014 541 1049 etiam
571 1014 612 1047 in
639 1011 714 1048 deo
744 1013 1059 1048 nominaverunt.
1122 1003 1333 1047 Elicerem¹
1365 1023 1413 1048 ex
1442 1015 1483 1047 te

319 1089 582 1124 cogeremque
603 1081 648 1113 ut
671 1076 944 1123 responderes,
965 1079 1039 1114 nisi
1067 1090 1224 1114 vererer
1249 1089 1300 1113 ne
1329 1077 1484 1114 Hereu-

318 1144 399 1182 lem
418 1146 547 1190 ipsum
568 1156 614 1180 ea
634 1156 734 1189 quae
755 1156 826 1188 pro
842 1143 968 1180 salute
984 1145 1167 1189 gentium
1183 1156 1335 1180 summo
1350 1142 1483 1180 labore

318 1213 507 1257 gessisset
526 1209 740 1255 voluptatis
761 1222 875 1245 causa
894 1212 1062 1255 gessisse
1083 1209 1272 1246 diceres.’'

374 1276 488 1322 Quae
517 1289 606 1312 eum
636 1276 836 1321 dixissem,
858 1267 881 1282 “
895 1276 1078 1322 Habeo,’'
1100 1278 1230 1322 inquit
1249 1275 1484 1322 Torquatus,

320 1335 408 1380 “ad
438 1355 535 1388 quos
564 1345 639 1379 ista
668 1342 851 1388 referam,
877 1347 930 1388 et,
956 1355 1193 1388 quamquam
1222 1342 1370 1388 aliquid
1400 1345 1482 1389 ipse

321 1415 514 1455 poteram,
534 1413 669 1445 tamen
690 1411 869 1445 invenire
889 1409 991 1445 malo
1012 1409 1266 1454 paratiores.‘'
1316 1400 1340 1416 “
1355 1409 1385 1445 F
1387 1411 1482 1445 ami-

320 1477 435 1512 liares
455 1480 622 1520 nostros,
643 1475 773 1519 credo,
795 1475 975 1512 Sironem
999 1475 1096 1512 dicis
1123 1480 1166 1512 et
1194 1475 1482 1520 Philodemum‚

319 1556 408 1579 cum
456 1544 625 1587 optimos
675 1544 790 1586 viros,
837 1546 923 1578 turn
970 1541 1150 1579 homines
1197 1541 1480 1578 doctissimos.’'

747 1599 1025 1654 “intellegis”
1086 1599 1211 1654 “Age
1250 1608 1382 1654 sane,'’
1423 1610 1481 1644 in-

319 1599 343 1616 “
361 1608 522 1653 Recte,”
563 1610 706 1654 inquit,

318 1687 457 1720 quam3
497 1665 521 1681 “
534 1674 605 1712 sed
634 1679 720 1712 erat
748 1677 911 1720 aequius
940 1674 1133 1712 Triarium
1162 1674 1310 1721 aliquid
1333 1674 1383 1712 de
1403 1674 1481 1712 dis-

319 1743 501 1777 sensione
517 1745 651 1777 nostra
667 1739 879 1778 iudicare.”
939 1732 962 1748 “
973 1741 1129 1786 Eiuro,’¹
1148 1743 1278 1786 inquit
1291 1740 1481 1787 arridens,

319 1797 545 1852 “iniquum,
562 1805 635 1843 hac
656 1807 816 1852 quidem
832 1807 882 1844 de
900 1820 940 1844 re
957 1820 965 1851 ;
985 1812 1029 1844 tu
1046 1810 1152 1844 enim
1168 1810 1243 1844 ista
1261 1807 1400 1852 lenius,
1416 1806 1481 1843 hic

320 1873 541 1910 Stoicorum
556 1885 664 1909 more
681 1886 751 1910 nos
767 1873 922 1910 vexat.”
953 1873 1055 1910 Tum
1067 1873 1257 1910 Triarius:
1278 1863 1303 1880 “
1314 1872 1480 1910 Posthac

319 1938 517 1984 quidem,’'
535 1941 678 1984 inquit,
696 1930 924 1985 “audacius,
941 1953 1033 1977 nam
1047 1939 1146 1977 haec
1161 1942 1245 1986 ipsa
1256 1939 1352 1976 mihi
1365 1943 1483 1976 erunt

402 2037 414 2057 ¹
427 2038 581 2070 elicerem
600 2038 732 2076 Baiter,
754 2038 867 2077 Mdv.;
885 2039 986 2071 MSS.
1007 2039 1178 2080 eligerem,
1197 2039 1378 2080 exigerem.

427 2093 504 2126 210
