1574 2364
178 465 225 499 58

178 1813 227 1852 59

553 136 749 174 CICERO
780 137 854 174 DE
885 137 1103 176 FINIBUS

253 223 386 261 liberis
407 223 631 261 consultum
646 223 812 262 velimus
832 227 987 263 etiamsi
1006 228 1178 272 postumi
1199 226 1321 264 futuri
1344 230 1423 265 sint

255 308 418 349 propter
443 306 560 350 ipsos,
581 306 635 341 sic
655 303 812 342 futurae
833 310 922 350 post
941 310 1111 343 mortem
1132 306 1259 343 famae
1287 312 1422 345 tamen

256 395 341 419 esse
366 387 528 429 propter
553 396 637 420 rem
665 386 785 420 etiam
812 383 993 421 detracto
1021 398 1092 422 usu
1123 386 1424 424 consulendum.

312 453 336 469 “
350 462 429 500 Sed
447 476 535 499 cum
552 463 658 508 quod
674 463 887 500 honestum
909 467 959 501 sit
975 464 1016 501 id
1032 464 1157 501 solum
1174 466 1320 502 bonum
1340 479 1424 504 esse

256 541 444 587 dicamus,
473 547 783 579 consentaneum
808 548 944 580 tamen
965 548 1025 581 est
1047 544 1159 590 fungi
1185 545 1308 582 officio
1335 559 1423 582 cum

257 621 296 658 id
318 622 485 658 officium
506 635 580 659 nec
600 625 640 658 in
662 623 774 659 bonis
794 636 986 668 ponamus
1007 637 1081 661 nec
1105 627 1145 660 in
1169 625 1291 661 malis.
1353 625 1425 662 Est

258 705 364 739 enim
386 702 534 747 aliquid
556 705 595 738 in
617 702 676 738 his
697 703 813 739 rebus
833 703 1050 748 probabile,
1067 708 1108 740 et
1125 704 1285 749 quidem
1306 707 1360 741 ita
1381 709 1427 741 ut

259 784 341 818 eius
370 785 470 818 ratio
499 782 612 818 reddi
644 785 765 827 possit
776 794 785 826 3
818 796 912 827 ergo
944 788 989 820 ut
1021 786 1140 819 etiam
1173 784 1429 829 probabiliter

258 864 335 898 acti
358 864 457 898 ratio
478 861 591 898 reddi
612 864 755 907 possit3
786 867 845 898 est
872 867 1006 899 autem
1038 864 1205 899 offic-ium
1237 863 1342 908 quod
1374 866 1429 900 ita

258 941 408 978 factum
430 946 491 978 est
511 946 556 978 ut
578 944 660 978 eius
682 941 775 977 facti
798 941 1009 986 probabilis
1030 944 1129 978 ratio
1150 942 1262 978 reddi
1285 945 1426 987 possit;

259 1034 307 1058 ex
331 1034 408 1066 quo
435 1021 684 1066 intellegitur
715 1020 882 1056 officium
914 1020 1089 1057 medium
1121 1020 1309 1066 quiddam
1341 1034 1425 1058 esse

258 1104 363 1149 quod
395 1117 525 1149 neque
557 1106 598 1139 in
630 1103 742 1139 bonis
774 1107 944 1148 ponatur
975 1116 1105 1148 neque
1137 1106 1177 1140 in
1209 1106 1422 1141 contrariis.

259 1183 536 1229 Quoniamque
571 1185 612 1219 in
643 1185 689 1220 iis
717 1183 833 1220 rebus
861 1196 960 1228 quae
988 1196 1119 1229 neque
1146 1186 1187 1220 in
1213 1185 1425 1220 virtutibus

259 1268 352 1301 sunt
372 1276 501 1309 neque
523 1265 563 1299 in
588 1265 705 1307 vitiis,
734 1267 795 1299 est
821 1267 956 1299 tamen
984 1262 1172 1308 quiddam
1204 1263 1309 1308 quod
1341 1265 1427 1300 usui

256 1346 379 1390 possit
399 1355 498 1387 esse,
519 1342 743 1379 tollendum
770 1341 810 1378 id
837 1355 917 1378 non
945 1347 1016 1378 est.
1077 1342 1149 1379 Est
1179 1347 1314 1379 autem
1346 1344 1429 1378 eius

258 1425 416 1469 generis
445 1425 549 1459 actio
576 1434 733 1467 quoque
762 1420 970 1466 quaedam,
999 1425 1041 1457 et
1072 1421 1233 1466 quidem
1266 1420 1356 1457 talis
1386 1425 1432 1457 ut

258 1505 358 1540 ratio
385 1501 562 1548 postulet
588 1513 707 1546 agere
734 1499 884 1545 aliquid
912 1504 954 1536 et
980 1499 1111 1537 facere
1139 1512 1295 1543 eorum;
1323 1499 1428 1545 quod

257 1588 392 1620 autem
412 1584 566 1618 ratione
586 1584 718 1617 actum
741 1585 802 1616 est
821 1579 861 1616 id
882 1580 1049 1616 officium
1073 1579 1338 1625 appella1nus;
1365 1584 1426 1616 est

258 1661 379 1704 igitur
400 1658 567 1694 officium
589 1658 671 1692 eius
687 1657 844 1700 generis
861 1654 966 1700 quod
981 1667 1056 1691 nec
1071 1656 1112 1690 in
1128 1654 1240 1693 bonis
1257 1659 1425 1700 ponatur

257 1747 332 1771 nec
352 1736 393 1769 in
414 1734 629 1769 contrariis.

312 1807 463 1845 XVIII.
505 1797 675 1851 “Atque
710 1807 961 1851 perspicuum
996 1806 1117 1840 etiam
1151 1802 1249 1839 illud
1282 1807 1355 1848 est,
1386 1805 1427 1839 in

255 1887 340 1922 istis
360 1883 478 1920 rebus
499 1881 641 1918 mediis
661 1880 810 1925 aliquid
832 1892 950 1925 agere
978 1881 1211 1924 sapientem.
1273 1877 1428 1915 Iudicat

255 1963 377 2007 igitur
397 1971 487 1995 cum
508 1959 591 2002 agit
613 1955 781 1991 officium
808 1954 907 1990 illud
934 1966 1030 1991 esse.
1091 1953 1209 1998 Quod
1240 1955 1424 1997 quoniam

254 2045 471 2080 numquam
490 2031 641 2069 fallitur
661 2032 702 2066 in
723 2027 947 2073 iudicando,
969 2030 1046 2065 erit
1071 2030 1113 2064 in
1139 2027 1279 2064 mediis
1306 2027 1422 2064 rebus

364 2085 442 2127 276
