1574 2364
231 962 280 994 84

235 1921 282 1954 85

617 168 812 205 CICERO
845 169 918 205 DE
950 169 1169 205 FINIBUS

310 248 439 284 facere
466 249 665 292 sapientes
692 251 749 290 ut,
773 246 1107 291 quemadmodum
1136 249 1215 282 sint
1237 247 1278 282 in
1305 258 1346 282 se
1370 247 1474 290 ipsos

309 321 484 362 animati,
510 317 652 354 eodem
683 317 800 353 modo
825 320 905 354 sint
933 330 1026 362 erga
1053 319 1223 360 amicos3
1254 316 1293 352 id
1321 321 1362 352 et
1389 316 1472 352 fieri

311 402 422 434 posse
444 394 486 425 et
506 402 623 434 saepe
646 401 730 425 esse
751 388 902 425 factum
922 393 965 425 et
993 387 1043 424 ad
1064 387 1288 433 voluptates
1309 389 1476 432 percipi-

310 460 431 496 endas
470 462 639 496 maxime
679 461 890 504 pertinere.
970 459 1060 494 Hoc
1099 457 1237 494 foedus
1276 458 1406 494 facere
1445 460 1476 494 si

310 535 538 576 potuerunt,
561 530 708 566 faciant
728 533 848 567 etiam
868 529 979 574 illud,
1002 534 1046 566 ut
1065 531 1320 574 aequitatem,
1341 528 1476 566 mode-

308 605 435 647 stiam,
452 604 618 638 virtutes
635 614 772 638 omnes
792 614 862 647 per
883 614 923 638 se
940 603 1041 646 ipsas
1061 603 1183 645 gratis
1199 600 1378 646 diligant.
1411 600 1475 637 An

310 686 401 710 vero
448 675 479 710 si
519 672 712 709 fructibus
752 678 794 710 et
833 672 1114 709 emolumentis
1155 676 1197 708 et
1235 671 1476 708 utilitatibus

309 746 500 781 amicitias
532 743 719 788 colemus,
753 746 794 780 si:
816 743 924 779 nulla
956 745 1096 780 caritas
1128 745 1204 779 erit
1231 756 1331 788 quae
1359 742 1477 778 faciat

310 818 523 852 amicitiam
544 818 669 861 ipsam
692 828 761 851 sua
781 819 938 860 sponte,
959 817 997 851 vi
1017 827 1099 859 sua,
1121 827 1169 851 ex
1191 827 1232 851 se
1254 819 1296 851 et
1315 818 1478 860 propter

311 899 352 923 se
378 886 658 931 expetendam,
685 886 849 923 dubium
881 890 942 922 est
972 888 1068 931 quin
1096 885 1238 921 fundos
1264 890 1305 922 et
1332 885 1477 922 insulas

311 960 445 994 amicis
470 958 786 1003 anteponamus?
845 957 958 993 Licet
984 956 1048 993 hic
1075 969 1206 993 rursus
1234 969 1279 993 ea
1306 969 1477 993 comme-

311 1041 439 1065 mores
460 1041 560 1073 quae
582 1031 742 1074 optimis
763 1029 892 1065 verbis
912 1028 961 1064 ab
983 1028 1153 1073 Epicuro
1173 1027 1223 1064 de
1244 1027 1360 1064 laude
1381 1030 1476 1063 ami-

312 1103 427 1136 citiae
452 1098 558 1136 dicta
583 1105 686 1137 sunt.
748 1100 839 1136 Non
866 1112 1012 1145 quaero
1032 1099 1127 1144 quid
1148 1098 1268 1144 dicat,
1290 1099 1359 1135 sed
1380 1098 1475 1144 quid

313 1174 598 1208 convenienter
618 1174 741 1216 possit
761 1173 902 1208 rationi
920 1175 961 1207 et
977 1173 1201 1207 sententiae
1218 1183 1309 1207 suae
1330 1170 1472 1207 dicere.

314 1232 324 1248 ⁶
343 1241 538 1278 Utilitatis
558 1254 672 1277 causa
692 1244 864 1277 amicitia
885 1246 946 1277 est
973 1240 1174 1286 quaesita.’
1224 1239 1331 1277 Num
1358 1243 1478 1285 igitur

316 1308 515 1344 utiliorem
536 1308 609 1344 tibi
628 1307 736 1343 hunc
757 1307 952 1344 Triarium
976 1312 1092 1353 putas
1118 1320 1203 1344 esse
1228 1320 1340 1353 posse
1361 1320 1477 1353 quarn

315 1377 345 1411 si
373 1380 441 1410 tua
466 1377 545 1410 sint
574 1371 747 1410 Puteolis
772 1375 982 1419 granaria?
1040 1373 1191 1419 Collige
1218 1376 1349 1410 omnia
1378 1387 1478 1419 quae

315 1441 473 1477 soletisz
503 1432 772 1477 ‘Praesidium
810 1440 1049 1477 amicorum.’
1109 1440 1211 1477 Satis
1243 1446 1304 1477 est
1335 1441 1408 1476 tibi
1440 1443 1477 1476 in

314 1516 368 1554 te,
401 1513 494 1546 satis
526 1513 566 1546 in
599 1510 766 1555 legibus,
799 1513 892 1547 satis
925 1513 965 1546 in
997 1509 1261 1546 mediocribus
1295 1513 1478 1547 amicitiis

318 1575 511 1627 praesidi3
546 1581 622 1614 iam
651 1581 854 1615 contemni
884 1591 963 1614 non
993 1579 1155 1627 poteris,
1184 1576 1318 1613 odium
1338 1580 1472 1612 autem

318 1653 360 1684 et
380 1647 567 1684 invidiam
590 1647 704 1684 facile
727 1648 876 1694 vitabis,
895 1647 944 1683 ad
961 1660 1026 1683 eas
1047 1649 1153 1683 enim
1167 1659 1228 1683 res
1242 1646 1290 1682 ab
1305 1645 1475 1694 Epicuro

318 1722 530 1766 praecepta
570 1717 727 1754 dantur.
806 1717 858 1754 Et
886 1722 1023 1753 tamen
1051 1718 1174 1753 tantis
1213 1714 1474 1764 vectigalibus

316 1783 364 1818 ad
381 1782 662 1818 liberalitatem
678 1788 808 1827 utens,
827 1785 949 1819 etiam
965 1785 1049 1818 sine
1071 1782 1144 1818 hac
1163 1782 1335 1827 Pyladea
1350 1787 1481 1820 amici-

315 1852 370 1885 tia
396 1848 611 1884 multorum
639 1854 679 1885 te
708 1848 990 1885 benevolentia
1014 1848 1213 1893 praeclare
1246 1848 1412 1886 tuebere
1439 1855 1482 1886 et

314 1917 478 1951 munies.
539 1915 595 1950 At
620 1917 779 1960 quicum
807 1917 891 1951 ioca
915 1917 1028 1959 seria,
1056 1920 1101 1951 ut
1131 1914 1289 1959 dicitur,
1320 1918 1478 1960 quicum

311 1993 464 2024 arcana,
503 1984 661 2025 quicum
700 1980 855 2017 occulta
899 1981 1059 2017 omnia?
1116 1981 1265 2017 Tecum
1313 1984 1477 2028 optime,

310 2046 455 2085 deinde
477 2050 597 2085 etiam
617 2061 706 2084 cum
726 2046 914 2084 mediocri
934 2050 1070 2085 amico.
1113 2047 1193 2084 Sed
1214 2047 1274 2083 fac
1294 2051 1369 2084 ista
1389 2060 1474 2085 esse

421 2112 495 2146 174
