<?xml version="1.0" encoding="UTF-8"?>
<!DOCTYPE html PUBLIC "-//W3C//DTD XHTML 1.0 Transitional//EN"
    "http://www.w3.org/TR/xhtml1/DTD/xhtml1-transitional.dtd">
<html xmlns="http://www.w3.org/1999/xhtml" xml:lang="en" lang="en">
 <head>
  <title>
</title>
<meta http-equiv="Content-Type" content="text/html;charset=utf-8" />
  <meta name='ocr-system' content='tesseract 3.04.00' />
  <meta name='ocr-capabilities' content='ocr_page ocr_carea ocr_par ocr_line ocrx_word'/>
</head>
<body>
  <div class='ocr_page' id='page_1' title='image "./definibusbonorum00cice_0288.png"; bbox 0 0 1574 2364; ppageno 0'>
   <div class='ocr_carea' id='block_1_1' title="bbox 208 1832 255 1870">
    <p class='ocr_par' dir='ltr' id='par_1_1' title="bbox 208 1832 255 1870">
     <span class='ocr_line' id='line_1_1' title="bbox 208 1832 255 1870; baseline 0 -25"><span class='ocrx_word' id='word_1_1' title='bbox 208 1832 255 1870; x_wconf 72' lang='lat'>‘39</span> 
     </span>
    </p>
   </div>
   <div class='ocr_carea' id='block_1_2' title="bbox 591 147 1142 186">
    <p class='ocr_par' dir='ltr' id='par_1_2' title="bbox 591 147 1142 186">
     <span class='ocr_line' id='line_1_2' title="bbox 591 147 1142 186; baseline 0.005 -3"><span class='ocrx_word' id='word_1_2' title='bbox 591 147 787 184; x_wconf 86' lang='lat' dir='ltr'>CICERO</span> <span class='ocrx_word' id='word_1_3' title='bbox 818 147 893 183; x_wconf 90' lang='lat' dir='ltr'>DE</span> <span class='ocrx_word' id='word_1_4' title='bbox 923 148 1142 186; x_wconf 88' lang='lat' dir='ltr'>FINIBUS</span> 
     </span>
    </p>
   </div>
   <div class='ocr_carea' id='block_1_3' title="bbox 283 226 1449 1871">
    <p class='ocr_par' dir='ltr' id='par_1_3' title="bbox 283 226 1447 446">
     <span class='ocr_line' id='line_1_3' title="bbox 283 226 1446 273; baseline 0.002 -11"><span class='ocrx_word' id='word_1_5' title='bbox 283 232 328 263; x_wconf 87' lang='lat' dir='ltr'>ut</span> <span class='ocrx_word' id='word_1_6' title='bbox 352 226 520 263; x_wconf 82' lang='lat' dir='ltr'>eandem</span> <span class='ocrx_word' id='word_1_7' title='bbox 545 226 651 262; x_wconf 76' lang='lat' dir='ltr'>illam</span> <span class='ocrx_word' id='word_1_8' title='bbox 683 239 766 262; x_wconf 87' lang='lat' dir='ltr'>rem</span> <span class='ocrx_word' id='word_1_9' title='bbox 794 240 910 272; x_wconf 86' lang='lat' dir='ltr'>quam</span> <span class='ocrx_word' id='word_1_10' title='bbox 942 228 1103 273; x_wconf 82' lang='lat' dir='ltr'>adipisci</span> <span class='ocrx_word' id='word_1_11' title='bbox 1131 228 1279 265; x_wconf 84' lang='lat' dir='ltr'>scelere</span> <span class='ocrx_word' id='word_1_12' title='bbox 1311 232 1446 273; x_wconf 90' lang='lat' dir='ltr'>quovis</span> 
     </span>
     <span class='ocr_line' id='line_1_4' title="bbox 284 285 1445 330; baseline 0.002 -10"><span class='ocrx_word' id='word_1_13' title='bbox 284 285 380 321; x_wconf 90' lang='lat' dir='ltr'>velit</span> <span class='ocrx_word' id='word_1_14' title='bbox 400 298 478 320; x_wconf 87' lang='lat' dir='ltr'>non</span> <span class='ocrx_word' id='word_1_15' title='bbox 500 285 634 320; x_wconf 78' lang='lat' dir='ltr'>multis</span> <span class='ocrx_word' id='word_1_16' title='bbox 662 286 837 330; x_wconf 84' lang='lat' dir='ltr'>partibus</span> <span class='ocrx_word' id='word_1_17' title='bbox 865 285 977 322; x_wconf 80' lang='lat' dir='ltr'>malit</span> <span class='ocrx_word' id='word_1_18' title='bbox 1003 286 1053 322; x_wconf 82' lang='lat' dir='ltr'>ad</span> <span class='ocrx_word' id='word_1_19' title='bbox 1080 299 1165 322; x_wconf 87' lang='lat' dir='ltr'>sese</span> <span class='ocrx_word' id='word_1_20' title='bbox 1193 290 1312 323; x_wconf 79' lang='lat' dir='ltr'>etiam</span> <span class='ocrx_word' id='word_1_21' title='bbox 1340 289 1445 322; x_wconf 88' lang='lat' dir='ltr'>omni</span> 
     </span>
     <span class='ocr_line' id='line_1_5' title="bbox 284 344 1447 390; baseline 0.003 -12"><span class='ocrx_word' id='word_1_22' title='bbox 284 346 521 388; x_wconf 76' lang='lat' dir='ltr'>impunitate</span> <span class='ocrx_word' id='word_1_23' title='bbox 549 347 746 388; x_wconf 81' lang='lat' dir='ltr'>proposita</span> <span class='ocrx_word' id='word_1_24' title='bbox 773 347 856 380; x_wconf 87' lang='lat' dir='ltr'>sine</span> <span class='ocrx_word' id='word_1_25' title='bbox 887 344 1058 381; x_wconf 79' lang='lat' dir='ltr'>facinore</span> <span class='ocrx_word' id='word_1_26' title='bbox 1088 358 1205 390; x_wconf 85' lang='lat' dir='ltr'>quam</span> <span class='ocrx_word' id='word_1_27' title='bbox 1234 345 1301 381; x_wconf 93' lang='lat' dir='ltr'>illo</span> <span class='ocrx_word' id='word_1_28' title='bbox 1330 346 1447 381; x_wconf 88' lang='lat' dir='ltr'>modo</span> 
     </span>
     <span class='ocr_line' id='line_1_6' title="bbox 285 402 512 446; baseline 0.004 -10"><span class='ocrx_word' id='word_1_29' title='bbox 285 402 512 446; x_wconf 81' lang='lat' dir='ltr'>pervenire?</span> 
     </span>
    </p>

    <p class='ocr_par' dir='ltr' id='par_1_4' title="bbox 285 451 1449 1871">
     <span class='ocr_line' id='line_1_7' title="bbox 341 451 1446 507; baseline 0.003 -12"><span class='ocrx_word' id='word_1_30' title='bbox 341 451 504 505; x_wconf 78' lang='lat' dir='ltr'>“Quam</span> <span class='ocrx_word' id='word_1_31' title='bbox 518 473 610 496; x_wconf 86' lang='lat' dir='ltr'>vero</span> <span class='ocrx_word' id='word_1_32' title='bbox 626 460 844 496; x_wconf 72' lang='lat' dir='ltr'>utilitatem</span> <span class='ocrx_word' id='word_1_33' title='bbox 860 465 929 496; x_wconf 84' lang='lat' dir='ltr'>aut</span> <span class='ocrx_word' id='word_1_34' title='bbox 942 474 1059 506; x_wconf 87' lang='lat' dir='ltr'>quem</span> <span class='ocrx_word' id='word_1_35' title='bbox 1074 461 1247 498; x_wconf 84' lang='lat' dir='ltr'>fructum</span> <span class='ocrx_word' id='word_1_36' title='bbox 1261 467 1446 507; x_wconf 84' lang='lat' dir='ltr'>petentes</span> 
     </span>
     <span class='ocr_line' id='line_1_8' title="bbox 286 519 1449 565; baseline 0.002 -11"><span class='ocrx_word' id='word_1_37' title='bbox 286 522 384 555; x_wconf 85' lang='lat' dir='ltr'>scire</span> <span class='ocrx_word' id='word_1_38' title='bbox 404 522 581 564; x_wconf 90' lang='lat' dir='ltr'>cupimus</span> <span class='ocrx_word' id='word_1_39' title='bbox 603 519 668 554; x_wconf 81' lang='lat' dir='ltr'>illa</span> <span class='ocrx_word' id='word_1_40' title='bbox 688 532 787 564; x_wconf 74' lang='lat' dir='ltr'>quac</span> <span class='ocrx_word' id='word_1_41' title='bbox 808 519 962 555; x_wconf 86' lang='lat' dir='ltr'>occulta</span> <span class='ocrx_word' id='word_1_42' title='bbox 989 522 1101 556; x_wconf 89' lang='lat' dir='ltr'>nobis</span> <span class='ocrx_word' id='word_1_43' title='bbox 1128 525 1233 565; x_wconf 84' lang='lat' dir='ltr'>sunt,</span> <span class='ocrx_word' id='word_1_44' title='bbox 1253 520 1449 565; x_wconf 86' lang='lat' dir='ltr'>quomodo</span> 
     </span>
     <span class='ocr_line' id='line_1_9' title="bbox 285 572 1447 624; baseline 0.002 -11"><span class='ocrx_word' id='word_1_45' title='bbox 285 582 518 613; x_wconf 78' lang='lat' dir='ltr'>moveantur</span> <span class='ocrx_word' id='word_1_46' title='bbox 538 578 756 622; x_wconf 76' lang='lat' dir='ltr'>quibusque</span> <span class='ocrx_word' id='word_1_47' title='bbox 779 578 828 613; x_wconf 89' lang='lat' dir='ltr'>de</span> <span class='ocrx_word' id='word_1_48' title='bbox 850 581 972 614; x_wconf 83' lang='lat' dir='ltr'>causis</span> <span class='ocrx_word' id='word_1_49' title='bbox 989 591 1035 613; x_wconf 83' lang='lat' dir='ltr'>ea</span> <span class='ocrx_word' id='word_1_50' title='bbox 1050 591 1149 624; x_wconf 86' lang='lat' dir='ltr'>quae</span> <span class='ocrx_word' id='word_1_51' title='bbox 1166 572 1391 615; x_wconf 79' lang='lat' dir='ltr'>versanturl</span> <span class='ocrx_word' id='word_1_52' title='bbox 1408 582 1447 614; x_wconf 90' lang='lat' dir='ltr'>in</span> 
     </span>
     <span class='ocr_line' id='line_1_10' title="bbox 288 635 1447 681; baseline 0.001 -10"><span class='ocrx_word' id='word_1_53' title='bbox 288 636 419 672; x_wconf 76' lang='lat' dir='ltr'>caelo?</span> <span class='ocrx_word' id='word_1_54' title='bbox 478 635 575 681; x_wconf 82' lang='lat' dir='ltr'>Quis</span> <span class='ocrx_word' id='word_1_55' title='bbox 605 641 740 672; x_wconf 83' lang='lat' dir='ltr'>autem</span> <span class='ocrx_word' id='word_1_56' title='bbox 769 641 850 672; x_wconf 84' lang='lat' dir='ltr'>tam</span> <span class='ocrx_word' id='word_1_57' title='bbox 877 637 1098 680; x_wconf 78' lang='lat' dir='ltr'>agrestibus</span> <span class='ocrx_word' id='word_1_58' title='bbox 1127 639 1321 673; x_wconf 85' lang='lat' dir='ltr'>institutis</span> <span class='ocrx_word' id='word_1_59' title='bbox 1351 640 1447 673; x_wconf 86' lang='lat' dir='ltr'>vivit</span> 
     </span>
     <span class='ocr_line' id='line_1_11' title="bbox 288 694 1446 739; baseline 0.001 -9"><span class='ocrx_word' id='word_1_60' title='bbox 288 700 355 730; x_wconf 85' lang='lat' dir='ltr'>aut</span> <span class='ocrx_word' id='word_1_61' title='bbox 372 697 456 739; x_wconf 88' lang='lat' dir='ltr'>quis</span> <span class='ocrx_word' id='word_1_62' title='bbox 473 700 609 730; x_wconf 77' lang='lat' dir='ltr'>contra</span> <span class='ocrx_word' id='word_1_63' title='bbox 626 694 755 730; x_wconf 84' lang='lat' dir='ltr'>studia</span> <span class='ocrx_word' id='word_1_64' title='bbox 770 700 933 731; x_wconf 78' lang='lat' dir='ltr'>naturae</span> <span class='ocrx_word' id='word_1_65' title='bbox 951 700 1031 730; x_wconf 79' lang='lat' dir='ltr'>tam</span> <span class='ocrx_word' id='word_1_66' title='bbox 1049 695 1308 731; x_wconf 84' lang='lat' dir='ltr'>vehementer</span> <span class='ocrx_word' id='word_1_67' title='bbox 1323 695 1446 731; x_wconf 89' lang='lat' dir='ltr'>obdu-</span> 
     </span>
     <span class='ocr_line' id='line_1_12' title="bbox 287 753 1446 799; baseline 0.002 -11"><span class='ocrx_word' id='word_1_68' title='bbox 287 756 365 789; x_wconf 91' lang='lat' dir='ltr'>ruit</span> <span class='ocrx_word' id='word_1_69' title='bbox 386 758 430 789; x_wconf 84' lang='lat' dir='ltr'>ut</span> <span class='ocrx_word' id='word_1_70' title='bbox 449 767 470 788; x_wconf 82' lang='lat' dir='ltr'>a</span> <span class='ocrx_word' id='word_1_71' title='bbox 497 753 613 789; x_wconf 87' lang='lat' dir='ltr'>rebus</span> <span class='ocrx_word' id='word_1_72' title='bbox 645 756 871 798; x_wconf 78' lang='lat' dir='ltr'>cognitione</span> <span class='ocrx_word' id='word_1_73' title='bbox 903 753 1032 798; x_wconf 82' lang='lat' dir='ltr'>dignis</span> <span class='ocrx_word' id='word_1_74' title='bbox 1062 753 1272 790; x_wconf 79' lang='lat' dir='ltr'>abhorreat</span> <span class='ocrx_word' id='word_1_75' title='bbox 1303 767 1446 799; x_wconf 85' lang='lat' dir='ltr'>easque</span> 
     </span>
     <span class='ocr_line' id='line_1_13' title="bbox 288 811 1446 857; baseline 0.002 -10"><span class='ocrx_word' id='word_1_76' title='bbox 288 815 371 848; x_wconf 87' lang='lat' dir='ltr'>sine</span> <span class='ocrx_word' id='word_1_77' title='bbox 396 811 599 856; x_wconf 77' lang='lat' dir='ltr'>voluptate</span> <span class='ocrx_word' id='word_1_78' title='bbox 626 816 695 847; x_wconf 81' lang='lat' dir='ltr'>aut</span> <span class='ocrx_word' id='word_1_79' title='bbox 724 812 897 847; x_wconf 82' lang='lat' dir='ltr'>utilitate</span> <span class='ocrx_word' id='word_1_80' title='bbox 929 812 1059 856; x_wconf 79' lang='lat' dir='ltr'>aliqua</span> <span class='ocrx_word' id='word_1_81' title='bbox 1089 825 1169 848; x_wconf 89' lang='lat' dir='ltr'>non</span> <span class='ocrx_word' id='word_1_82' title='bbox 1200 815 1374 857; x_wconf 84' lang='lat' dir='ltr'>requirat</span> <span class='ocrx_word' id='word_1_83' title='bbox 1405 818 1446 849; x_wconf 81' lang='lat' dir='ltr'>et</span> 
     </span>
     <span class='ocr_line' id='line_1_14' title="bbox 288 864 1446 916; baseline 0 -10"><span class='ocrx_word' id='word_1_84' title='bbox 288 883 357 916; x_wconf 91' lang='lat' dir='ltr'>pro</span> <span class='ocrx_word' id='word_1_85' title='bbox 377 870 500 905; x_wconf 80' lang='lat' dir='ltr'>nihilo</span> <span class='ocrx_word' id='word_1_86' title='bbox 517 870 657 915; x_wconf 82' lang='lat' dir='ltr'>putet?</span> <span class='ocrx_word' id='word_1_87' title='bbox 678 875 746 906; x_wconf 78' lang='lat' dir='ltr'>aut</span> <span class='ocrx_word' id='word_1_88' title='bbox 767 873 852 915; x_wconf 87' lang='lat' dir='ltr'>quis</span> <span class='ocrx_word' id='word_1_89' title='bbox 869 875 929 906; x_wconf 90' lang='lat' dir='ltr'>est</span> <span class='ocrx_word' id='word_1_90' title='bbox 945 873 1010 915; x_wconf 85' lang='lat' dir='ltr'>qui</span> <span class='ocrx_word' id='word_1_91' title='bbox 1028 864 1242 906; x_wconf 81' lang='lat' dir='ltr'>maiorum2</span> <span class='ocrx_word' id='word_1_92' title='bbox 1257 876 1326 906; x_wconf 86' lang='lat' dir='ltr'>aut</span> <span class='ocrx_word' id='word_1_93' title='bbox 1342 870 1446 906; x_wconf 87' lang='lat' dir='ltr'>Afri-</span> 
     </span>
     <span class='ocr_line' id='line_1_15' title="bbox 287 929 1446 975; baseline 0.002 -12"><span class='ocrx_word' id='word_1_94' title='bbox 287 942 471 964; x_wconf 80' lang='lat' dir='ltr'>canorum</span> <span class='ocrx_word' id='word_1_95' title='bbox 505 933 574 964; x_wconf 86' lang='lat' dir='ltr'>aut</span> <span class='ocrx_word' id='word_1_96' title='bbox 608 931 690 964; x_wconf 88' lang='lat' dir='ltr'>eius</span> <span class='ocrx_word' id='word_1_97' title='bbox 725 941 842 973; x_wconf 87' lang='lat' dir='ltr'>quem</span> <span class='ocrx_word' id='word_1_98' title='bbox 876 934 918 964; x_wconf 85' lang='lat' dir='ltr'>tu</span> <span class='ocrx_word' id='word_1_99' title='bbox 954 931 994 964; x_wconf 92' lang='lat' dir='ltr'>in</span> <span class='ocrx_word' id='word_1_100' title='bbox 1029 941 1094 964; x_wconf 88' lang='lat' dir='ltr'>ore</span> <span class='ocrx_word' id='word_1_101' title='bbox 1126 941 1282 974; x_wconf 79' lang='lat' dir='ltr'>semper</span> <span class='ocrx_word' id='word_1_102' title='bbox 1312 929 1446 975; x_wconf 78' lang='lat' dir='ltr'>habes,</span> 
     </span>
     <span class='ocr_line' id='line_1_16' title="bbox 287 986 1445 1032; baseline 0.002 -10"><span class='ocrx_word' id='word_1_103' title='bbox 287 990 419 1032; x_wconf 87' lang='lat' dir='ltr'>proavi</span> <span class='ocrx_word' id='word_1_104' title='bbox 466 989 544 1022; x_wconf 90' lang='lat' dir='ltr'>mei</span> <span class='ocrx_word' id='word_1_105' title='bbox 583 992 883 1031; x_wconf 84' lang='lat' dir='ltr'>ceterorumque</span> <span class='ocrx_word' id='word_1_106' title='bbox 918 989 1088 1022; x_wconf 81' lang='lat' dir='ltr'>virorum</span> <span class='ocrx_word' id='word_1_107' title='bbox 1126 986 1287 1023; x_wconf 87' lang='lat' dir='ltr'>fortium</span> <span class='ocrx_word' id='word_1_108' title='bbox 1326 992 1445 1032; x_wconf 84' lang='lat' dir='ltr'>atque</span> 
     </span>
     <span class='ocr_line' id='line_1_17' title="bbox 287 1044 1446 1090; baseline 0.001 -9"><span class='ocrx_word' id='word_1_109' title='bbox 287 1048 393 1081; x_wconf 85' lang='lat' dir='ltr'>omni</span> <span class='ocrx_word' id='word_1_110' title='bbox 414 1048 559 1081; x_wconf 83' lang='lat' dir='ltr'>virtute</span> <span class='ocrx_word' id='word_1_111' title='bbox 584 1047 869 1090; x_wconf 81' lang='lat' dir='ltr'>praestantium</span> <span class='ocrx_word' id='word_1_112' title='bbox 899 1044 1016 1089; x_wconf 77' lang='lat' dir='ltr'>facta,</span> <span class='ocrx_word' id='word_1_113' title='bbox 1045 1045 1163 1090; x_wconf 83' lang='lat' dir='ltr'>dicta,</span> <span class='ocrx_word' id='word_1_114' title='bbox 1194 1045 1354 1081; x_wconf 90' lang='lat' dir='ltr'>consilia</span> <span class='ocrx_word' id='word_1_115' title='bbox 1383 1059 1446 1082; x_wconf 94' lang='lat' dir='ltr'>co-</span> 
     </span>
     <span class='ocr_line' id='line_1_18' title="bbox 287 1103 1446 1149; baseline 0.002 -10"><span class='ocrx_word' id='word_1_116' title='bbox 287 1116 481 1149; x_wconf 81' lang='lat' dir='ltr'>gnoscens</span> <span class='ocrx_word' id='word_1_117' title='bbox 519 1103 627 1139; x_wconf 76' lang='lat' dir='ltr'>nulla</span> <span class='ocrx_word' id='word_1_118' title='bbox 665 1106 796 1138; x_wconf 86' lang='lat' dir='ltr'>animo</span> <span class='ocrx_word' id='word_1_119' title='bbox 834 1103 1022 1139; x_wconf 79' lang='lat' dir='ltr'>afficiatur</span> <span class='ocrx_word' id='word_1_120' title='bbox 1063 1103 1291 1149; x_wconf 82' lang='lat' dir='ltr'>voluptate?</span> <span class='ocrx_word' id='word_1_121' title='bbox 1349 1103 1446 1149; x_wconf 85' lang='lat' dir='ltr'>Quis</span> 
     </span>
     <span class='ocr_line' id='line_1_19' title="bbox 287 1161 1447 1207; baseline 0.001 -9"><span class='ocrx_word' id='word_1_122' title='bbox 287 1168 420 1198; x_wconf 87' lang='lat' dir='ltr'>autem</span> <span class='ocrx_word' id='word_1_123' title='bbox 440 1162 607 1197; x_wconf 84' lang='lat' dir='ltr'>honesta</span> <span class='ocrx_word' id='word_1_124' title='bbox 626 1164 666 1197; x_wconf 89' lang='lat' dir='ltr'>in</span> <span class='ocrx_word' id='word_1_125' title='bbox 687 1161 832 1197; x_wconf 82' lang='lat' dir='ltr'>familia</span> <span class='ocrx_word' id='word_1_126' title='bbox 853 1164 1058 1198; x_wconf 84' lang='lat' dir='ltr'>institutus</span> <span class='ocrx_word' id='word_1_127' title='bbox 1075 1167 1115 1198; x_wconf 89' lang='lat' dir='ltr'>et</span> <span class='ocrx_word' id='word_1_128' title='bbox 1131 1162 1320 1199; x_wconf 84' lang='lat' dir='ltr'>educatus</span> <span class='ocrx_word' id='word_1_129' title='bbox 1336 1165 1447 1207; x_wconf 84' lang='lat' dir='ltr'>inge-</span> 
     </span>
     <span class='ocr_line' id='line_1_20' title="bbox 288 1220 1448 1265; baseline 0.001 -9"><span class='ocrx_word' id='word_1_130' title='bbox 288 1234 364 1257; x_wconf 92' lang='lat' dir='ltr'>nue</span> <span class='ocrx_word' id='word_1_131' title='bbox 386 1234 466 1256; x_wconf 91' lang='lat' dir='ltr'>non</span> <span class='ocrx_word' id='word_1_132' title='bbox 486 1223 567 1265; x_wconf 81' lang='lat' dir='ltr'>ipsa</span> <span class='ocrx_word' id='word_1_133' title='bbox 588 1220 835 1265; x_wconf 75' lang='lat' dir='ltr'>turpitudine</span> <span class='ocrx_word' id='word_1_134' title='bbox 857 1223 1009 1256; x_wconf 82' lang='lat' dir='ltr'>etiamsi</span> <span class='ocrx_word' id='word_1_135' title='bbox 1030 1233 1120 1256; x_wconf 88' lang='lat' dir='ltr'>eum</span> <span class='ocrx_word' id='word_1_136' title='bbox 1135 1221 1286 1257; x_wconf 83' lang='lat' dir='ltr'>laesura</span> <span class='ocrx_word' id='word_1_137' title='bbox 1301 1234 1380 1257; x_wconf 89' lang='lat' dir='ltr'>non</span> <span class='ocrx_word' id='word_1_138' title='bbox 1397 1224 1448 1258; x_wconf 80' lang='lat' dir='ltr'>sit</span> 
     </span>
     <span class='ocr_line' id='line_1_21' title="bbox 287 1279 1446 1324; baseline 0 -9"><span class='ocrx_word' id='word_1_139' title='bbox 287 1279 522 1316; x_wconf 70' lang='lat' dir='ltr'>offenditur?</span> <span class='ocrx_word' id='word_1_140' title='bbox 544 1281 629 1323; x_wconf 85' lang='lat' dir='ltr'>quis</span> <span class='ocrx_word' id='word_1_141' title='bbox 644 1281 774 1313; x_wconf 82' lang='lat' dir='ltr'>animo</span> <span class='ocrx_word' id='word_1_142' title='bbox 790 1291 914 1323; x_wconf 80' lang='lat' dir='ltr'>aequo</span> <span class='ocrx_word' id='word_1_143' title='bbox 931 1279 1039 1314; x_wconf 74' lang='lat' dir='ltr'>videt</span> <span class='ocrx_word' id='word_1_144' title='bbox 1055 1292 1145 1315; x_wconf 89' lang='lat' dir='ltr'>eum</span> <span class='ocrx_word' id='word_1_145' title='bbox 1161 1293 1278 1324; x_wconf 88' lang='lat' dir='ltr'>quem</span> <span class='ocrx_word' id='word_1_146' title='bbox 1294 1282 1446 1324; x_wconf 86' lang='lat' dir='ltr'>impure</span> 
     </span>
     <span class='ocr_line' id='line_1_22' title="bbox 287 1334 1447 1380; baseline 0 -10"><span class='ocrx_word' id='word_1_147' title='bbox 287 1348 330 1370; x_wconf 80' lang='lat' dir='ltr'>ac</span> <span class='ocrx_word' id='word_1_148' title='bbox 361 1334 551 1379; x_wconf 83' lang='lat' dir='ltr'>flagitiose</span> <span class='ocrx_word' id='word_1_149' title='bbox 582 1338 698 1378; x_wconf 84' lang='lat' dir='ltr'>putet</span> <span class='ocrx_word' id='word_1_150' title='bbox 729 1334 883 1369; x_wconf 72' lang='lat' dir='ltr'>vivere?</span> <span class='ocrx_word' id='word_1_151' title='bbox 914 1337 999 1378; x_wconf 84' lang='lat' dir='ltr'>quis</span> <span class='ocrx_word' id='word_1_152' title='bbox 1030 1347 1109 1369; x_wconf 89' lang='lat' dir='ltr'>non</span> <span class='ocrx_word' id='word_1_153' title='bbox 1144 1334 1227 1370; x_wconf 89' lang='lat' dir='ltr'>odit</span> <span class='ocrx_word' id='word_1_154' title='bbox 1257 1334 1447 1380; x_wconf 88' lang='lat' dir='ltr'>sordidos,</span> 
     </span>
     <span class='ocr_line' id='line_1_23' title="bbox 288 1387 1446 1434; baseline 0.001 -10"><span class='ocrx_word' id='word_1_155' title='bbox 288 1402 419 1433; x_wconf 65' lang='lat' dir='ltr'>vanos5</span> <span class='ocrx_word' id='word_1_156' title='bbox 449 1389 567 1432; x_wconf 79' lang='lat' dir='ltr'>leves,</span> <span class='ocrx_word' id='word_1_157' title='bbox 599 1387 755 1423; x_wconf 74' lang='lat' dir='ltr'>futiles?</span> <span class='ocrx_word' id='word_1_158' title='bbox 815 1387 921 1432; x_wconf 84' lang='lat' dir='ltr'>Quid</span> <span class='ocrx_word' id='word_1_159' title='bbox 955 1393 1088 1424; x_wconf 81' lang='lat' dir='ltr'>autem</span> <span class='ocrx_word' id='word_1_160' title='bbox 1119 1389 1195 1424; x_wconf 90' lang='lat' dir='ltr'>dici</span> <span class='ocrx_word' id='word_1_161' title='bbox 1225 1392 1384 1434; x_wconf 82' lang='lat' dir='ltr'>poterit,</span> <span class='ocrx_word' id='word_1_162' title='bbox 1415 1391 1446 1425; x_wconf 90' lang='lat' dir='ltr'>si</span> 
     </span>
     <span class='ocr_line' id='line_1_24' title="bbox 288 1443 1446 1489; baseline 0 -9"><span class='ocrx_word' id='word_1_163' title='bbox 288 1443 576 1489; x_wconf 82' lang='lat' dir='ltr'>turpitudinem</span> <span class='ocrx_word' id='word_1_164' title='bbox 597 1456 675 1478; x_wconf 92' lang='lat' dir='ltr'>non</span> <span class='ocrx_word' id='word_1_165' title='bbox 697 1445 819 1487; x_wconf 83' lang='lat' dir='ltr'>ipsam</span> <span class='ocrx_word' id='word_1_166' title='bbox 835 1456 916 1487; x_wconf 68' lang='lat' dir='ltr'>,per</span> <span class='ocrx_word' id='word_1_167' title='bbox 942 1456 982 1479; x_wconf 88' lang='lat' dir='ltr'>se</span> <span class='ocrx_word' id='word_1_168' title='bbox 1011 1443 1240 1487; x_wconf 78' lang='lat' dir='ltr'>fugiendam</span> <span class='ocrx_word' id='word_1_169' title='bbox 1265 1457 1348 1480; x_wconf 86' lang='lat' dir='ltr'>esse</span> <span class='ocrx_word' id='word_1_170' title='bbox 1370 1449 1446 1480; x_wconf 78' lang='lat' dir='ltr'>sta-</span> 
     </span>
     <span class='ocr_line' id='line_1_25' title="bbox 289 1497 1445 1543; baseline 0 -9"><span class='ocrx_word' id='word_1_171' title='bbox 289 1504 457 1543; x_wconf 78' lang='lat' dir='ltr'>tuemus,</span> <span class='ocrx_word' id='word_1_172' title='bbox 478 1511 554 1542; x_wconf 90' lang='lat' dir='ltr'>quo</span> <span class='ocrx_word' id='word_1_173' title='bbox 574 1500 702 1533; x_wconf 88' lang='lat' dir='ltr'>minus</span> <span class='ocrx_word' id='word_1_174' title='bbox 724 1497 901 1533; x_wconf 85' lang='lat' dir='ltr'>homines</span> <span class='ocrx_word' id='word_1_175' title='bbox 926 1499 1111 1534; x_wconf 84' lang='lat' dir='ltr'>tenebras</span> <span class='ocrx_word' id='word_1_176' title='bbox 1132 1504 1172 1534; x_wconf 87' lang='lat' dir='ltr'>et</span> <span class='ocrx_word' id='word_1_177' title='bbox 1192 1498 1445 1534; x_wconf 87' lang='lat' dir='ltr'>solitudinem</span> 
     </span>
     <span class='ocr_line' id='line_1_26' title="bbox 287 1552 1444 1598; baseline 0 -9"><span class='ocrx_word' id='word_1_178' title='bbox 287 1557 391 1589; x_wconf 84' lang='lat' dir='ltr'>nacti</span> <span class='ocrx_word' id='word_1_179' title='bbox 422 1553 530 1588; x_wconf 90' lang='lat' dir='ltr'>nullo</span> <span class='ocrx_word' id='word_1_180' title='bbox 560 1552 754 1588; x_wconf 87' lang='lat' dir='ltr'>dedecore</span> <span class='ocrx_word' id='word_1_181' title='bbox 785 1565 825 1588; x_wconf 87' lang='lat' dir='ltr'>se</span> <span class='ocrx_word' id='word_1_182' title='bbox 855 1553 1092 1597; x_wconf 75' lang='lat' dir='ltr'>abstineant,</span> <span class='ocrx_word' id='word_1_183' title='bbox 1119 1556 1193 1589; x_wconf 88' lang='lat' dir='ltr'>nisi</span> <span class='ocrx_word' id='word_1_184' title='bbox 1221 1566 1286 1589; x_wconf 91' lang='lat' dir='ltr'>eos</span> <span class='ocrx_word' id='word_1_185' title='bbox 1310 1566 1380 1598; x_wconf 86' lang='lat' dir='ltr'>per</span> <span class='ocrx_word' id='word_1_186' title='bbox 1404 1566 1444 1590; x_wconf 86' lang='lat' dir='ltr'>se</span> 
     </span>
     <span class='ocr_line' id='line_1_27' title="bbox 287 1607 1445 1652; baseline -0.001 -8"><span class='ocrx_word' id='word_1_187' title='bbox 287 1608 479 1644; x_wconf 79' lang='lat' dir='ltr'>foeditate</span> <span class='ocrx_word' id='word_1_188' title='bbox 518 1620 586 1644; x_wconf 85' lang='lat' dir='ltr'>sua</span> <span class='ocrx_word' id='word_1_189' title='bbox 619 1607 825 1651; x_wconf 83' lang='lat' dir='ltr'>turpitudo</span> <span class='ocrx_word' id='word_1_190' title='bbox 858 1609 941 1652; x_wconf 80' lang='lat' dir='ltr'>ipsa</span> <span class='ocrx_word' id='word_1_191' title='bbox 975 1607 1200 1644; x_wconf 82' lang='lat' dir='ltr'>deterreat?</span> <span class='ocrx_word' id='word_1_192' title='bbox 1258 1607 1445 1644; x_wconf 90' lang='lat' dir='ltr'>Innume-</span> 
     </span>
     <span class='ocr_line' id='line_1_28' title="bbox 288 1661 1445 1707; baseline 0.001 -9"><span class='ocrx_word' id='word_1_193' title='bbox 288 1663 422 1699; x_wconf 79' lang='lat' dir='ltr'>rabilia</span> <span class='ocrx_word' id='word_1_194' title='bbox 454 1662 529 1698; x_wconf 90' lang='lat' dir='ltr'>dici</span> <span class='ocrx_word' id='word_1_195' title='bbox 561 1667 725 1707; x_wconf 86' lang='lat' dir='ltr'>possunt</span> <span class='ocrx_word' id='word_1_196' title='bbox 756 1667 796 1696; x_wconf 89' lang='lat' dir='ltr'>in</span> <span class='ocrx_word' id='word_1_197' title='bbox 828 1661 929 1697; x_wconf 77' lang='lat' dir='ltr'>hanc</span> <span class='ocrx_word' id='word_1_198' title='bbox 960 1665 1220 1705; x_wconf 81' lang='lat' dir='ltr'>sententiam;</span> <span class='ocrx_word' id='word_1_199' title='bbox 1259 1663 1328 1699; x_wconf 89' lang='lat' dir='ltr'>sed</span> <span class='ocrx_word' id='word_1_200' title='bbox 1366 1676 1445 1699; x_wconf 87' lang='lat' dir='ltr'>non</span> 
     </span>
     <span class='ocr_line' id='line_1_29' title="bbox 287 1716 1446 1762; baseline -0.001 -8"><span class='ocrx_word' id='word_1_201' title='bbox 287 1730 448 1754; x_wconf 85' lang='lat' dir='ltr'>necesse</span> <span class='ocrx_word' id='word_1_202' title='bbox 470 1722 540 1753; x_wconf 83' lang='lat' dir='ltr'>est.</span> <span class='ocrx_word' id='word_1_203' title='bbox 601 1716 709 1751; x_wconf 86' lang='lat' dir='ltr'>Nihil</span> <span class='ocrx_word' id='word_1_204' title='bbox 739 1721 799 1752; x_wconf 89' lang='lat' dir='ltr'>est</span> <span class='ocrx_word' id='word_1_205' title='bbox 826 1719 931 1752; x_wconf 87' lang='lat' dir='ltr'>enim</span> <span class='ocrx_word' id='word_1_206' title='bbox 959 1717 1009 1752; x_wconf 91' lang='lat' dir='ltr'>de</span> <span class='ocrx_word' id='word_1_207' title='bbox 1030 1730 1107 1762; x_wconf 87' lang='lat' dir='ltr'>quo</span> <span class='ocrx_word' id='word_1_208' title='bbox 1127 1720 1255 1753; x_wconf 89' lang='lat' dir='ltr'>minus</span> <span class='ocrx_word' id='word_1_209' title='bbox 1276 1718 1446 1753; x_wconf 77' lang='lat' dir='ltr'>dubitari</span> 
     </span>
     <span class='ocr_line' id='line_1_30' title="bbox 287 1771 1447 1818; baseline 0 -10"><span class='ocrx_word' id='word_1_210' title='bbox 287 1775 408 1818; x_wconf 87' lang='lat' dir='ltr'>possit</span> <span class='ocrx_word' id='word_1_211' title='bbox 429 1785 544 1817; x_wconf 81' lang='lat' dir='ltr'>quam</span> <span class='ocrx_word' id='word_1_212' title='bbox 567 1776 608 1807; x_wconf 85' lang='lat' dir='ltr'>et</span> <span class='ocrx_word' id='word_1_213' title='bbox 628 1771 794 1806; x_wconf 78' lang='lat' dir='ltr'>honesta</span> <span class='ocrx_word' id='word_1_214' title='bbox 821 1771 1046 1816; x_wconf 82' lang='lat' dir='ltr'>expetenda</span> <span class='ocrx_word' id='word_1_215' title='bbox 1073 1785 1143 1817; x_wconf 85' lang='lat' dir='ltr'>per</span> <span class='ocrx_word' id='word_1_216' title='bbox 1170 1785 1210 1808; x_wconf 88' lang='lat' dir='ltr'>se</span> <span class='ocrx_word' id='word_1_217' title='bbox 1239 1777 1279 1808; x_wconf 89' lang='lat' dir='ltr'>et</span> <span class='ocrx_word' id='word_1_218' title='bbox 1307 1772 1447 1808; x_wconf 87' lang='lat' dir='ltr'>eodem</span> 
     </span>
     <span class='ocr_line' id='line_1_31' title="bbox 285 1825 1447 1871; baseline 0 -8"><span class='ocrx_word' id='word_1_219' title='bbox 285 1827 401 1863; x_wconf 87' lang='lat' dir='ltr'>modo</span> <span class='ocrx_word' id='word_1_220' title='bbox 422 1829 550 1871; x_wconf 82' lang='lat' dir='ltr'>turpia</span> <span class='ocrx_word' id='word_1_221' title='bbox 572 1839 641 1871; x_wconf 89' lang='lat' dir='ltr'>per</span> <span class='ocrx_word' id='word_1_222' title='bbox 661 1838 701 1861; x_wconf 89' lang='lat' dir='ltr'>se</span> <span class='ocrx_word' id='word_1_223' title='bbox 723 1838 806 1861; x_wconf 89' lang='lat' dir='ltr'>esse</span> <span class='ocrx_word' id='word_1_224' title='bbox 828 1825 1026 1871; x_wconf 78' lang='lat' dir='ltr'>fugienda.</span> <span class='ocrx_word' id='word_1_225' title='bbox 1070 1827 1294 1863; x_wconf 83' lang='lat' dir='ltr'>Constituto</span> <span class='ocrx_word' id='word_1_226' title='bbox 1315 1832 1447 1864; x_wconf 84' lang='lat' dir='ltr'>autem</span> 
     </span>
    </p>
   </div>
   <div class='ocr_carea' id='block_1_4' title="bbox 288 1904 1451 2071">
    <p class='ocr_par' dir='ltr' id='par_1_5' title="bbox 288 1904 1450 1987">
     <span class='ocr_line' id='line_1_32' title="bbox 331 1904 1450 1947; baseline 0 -10"><span class='ocrx_word' id='word_1_227' title='bbox 331 1907 388 1937; x_wconf 81' lang='lat' dir='ltr'>¹ea</span> <span class='ocrx_word' id='word_1_228' title='bbox 411 1917 499 1946; x_wconf 71' lang='lat' dir='ltr'>qnae</span> <span class='ocrx_word' id='word_1_229' title='bbox 524 1908 713 1936; x_wconf 68' lang='lat' dir='ltr'>versantur</span> <span class='ocrx_word' id='word_1_230' title='bbox 736 1905 830 1935; x_wconf 83' lang='lat' dir='ltr'>Mdv.</span> <span class='ocrx_word' id='word_1_231' title='bbox 859 1904 964 1946; x_wconf 75' lang='lat' dir='ltr'>conj..</span> <span class='ocrx_word' id='word_1_232' title='bbox 995 1905 1056 1936; x_wconf 88' lang='lat' dir='ltr'>but</span> <span class='ocrx_word' id='word_1_233' title='bbox 1083 1907 1195 1947; x_wconf 72' lang='lat' dir='ltr'>priuts</span> <span class='ocrx_word' id='word_1_234' title='bbox 1212 1918 1250 1937; x_wconf 78' lang='lat' dir='ltr'>ea</span> <span class='ocrx_word' id='word_1_235' title='bbox 1269 1910 1450 1937; x_wconf 64' lang='lat' dir='ltr'>veisentut</span> 
     </span>
     <span class='ocr_line' id='line_1_33' title="bbox 288 1948 1071 1987; baseline -0.001 -7"><span class='ocrx_word' id='word_1_236' title='bbox 288 1950 371 1981; x_wconf 77' lang='lat' dir='ltr'>with</span> <span class='ocrx_word' id='word_1_237' title='bbox 392 1949 491 1979; x_wconf 86' lang='lat' dir='ltr'>MSS.</span> <span class='ocrx_word' id='word_1_238' title='bbox 513 1948 640 1987; x_wconf 80' lang='lat' dir='ltr'>(which</span> <span class='ocrx_word' id='word_1_239' title='bbox 658 1949 735 1978; x_wconf 70' lang='lat' dir='ltr'>also</span> <span class='ocrx_word' id='word_1_240' title='bbox 754 1949 842 1978; x_wconf 76' lang='lat' dir='ltr'>bave</span> <span class='ocrx_word' id='word_1_241' title='bbox 861 1950 1071 1987; x_wconf 56' lang='lat' dir='ltr'>:ret-saritur).</span> 
     </span>
    </p>

    <p class='ocr_par' dir='ltr' id='par_1_6' title="bbox 290 1991 1451 2071">
     <span class='ocr_line' id='line_1_34' title="bbox 331 1991 1451 2032; baseline 0.001 -10"><span class='ocrx_word' id='word_1_242' title='bbox 331 1992 526 2022; x_wconf 76' lang='grc' dir='ltr'>2ηιιιιί)νιιηι</span> <span class='ocrx_word' id='word_1_243' title='bbox 559 1994 623 2021; x_wconf 79' lang='lat' dir='ltr'>aul</span> <span class='ocrx_word' id='word_1_244' title='bbox 645 1991 812 2021; x_wconf 80' lang='lat' dir='ltr'>weidner</span> <span class='ocrx_word' id='word_1_245' title='bbox 836 1992 942 2032; x_wconf 80' lang='lat' dir='ltr'>couj.;</span> <span class='ocrx_word' id='word_1_246' title='bbox 969 1993 1208 2022; x_wconf 51' lang='lat' dir='ltr'>lllaxz&#39;morum</span> <span class='ocrx_word' id='word_1_247' title='bbox 1235 1995 1310 2029; x_wconf 69' lang='lat' dir='ltr'>aul,</span> <span class='ocrx_word' id='word_1_248' title='bbox 1338 1991 1451 2028; x_wconf 57' lang='grc' dir='ltr'>Μάνης</span> 
     </span>
     <span class='ocr_line' id='line_1_35' title="bbox 290 2037 540 2071; baseline -0.008 -5"><span class='ocrx_word' id='word_1_249' title='bbox 290 2037 474 2071; x_wconf 75' lang='lat' dir='ltr'>maiorum,</span> <span class='ocrx_word' id='word_1_250' title='bbox 495 2040 540 2065; x_wconf 88' lang='lat' dir='ltr'>ut.</span> 
     </span>
    </p>
   </div>
   <div class='ocr_carea' id='block_1_5' title="bbox 397 2085 474 2121">
    <p class='ocr_par' dir='ltr' id='par_1_7' title="bbox 397 2085 474 2121">
     <span class='ocr_line' id='line_1_36' title="bbox 397 2085 474 2121; baseline 0 0"><span class='ocrx_word' id='word_1_251' title='bbox 397 2085 474 2121; x_wconf 73' lang='lat'>256</span> 
     </span>
    </p>
   </div>
  </div>
 </body>
</html>
