1574 2364
265 1329 314 1361 50

651 136 847 173 CICERO
879 135 952 172 DE
983 134 1202 173 FINIBUS

344 217 635 254 haerescerent.
698 215 759 252 Ita
780 218 888 252 enim
908 218 1081 252 invitant
1098 215 1258 252 Ulixem
1274 207 1383 257 (nam
1399 218 1514 261 verti,

343 278 388 309 ut
409 272 603 317 quaedam
626 271 807 316 Homeri,
828 273 883 307 sic
902 273 1023 307 istum
1043 273 1172 316 ipsum
1192 263 1363 314 locun1):

400 360 434 396 O
456 359 577 395 decus
598 357 842 403 Argolicum,
863 360 958 403 quin
979 360 1144 403 puppim
1164 357 1303 401 flectis,
1327 357 1476 402 Ulixes,

400 414 571 450 Auribus
592 418 637 449 ut
656 418 810 449 nostros
830 415 953 458 possis
973 425 1188 457 agnoscere
1209 413 1375 448 cantus?

400 469 501 504 Nam
529 482 647 504 nemo
674 467 773 504 haec
794 481 982 512 umquam
1003 472 1065 504 est
1088 472 1336 504 transvectus
1358 467 1513 503 caerula

453 537 580 568 cursu,

399 578 506 624 Quin
527 581 633 624 prius
652 580 826 614 astiterit
845 590 984 613 vocum
1005 576 1217 613 dulcedine
1239 582 1390 622 captus,

400 634 504 678 Post,
524 636 639 669 variis
659 632 773 669 avido
794 634 957 668 satiatus
978 637 1138 677 pectore
1160 634 1293 676 musis,

400 689 564 724 Doctior
583 688 633 724 ad
654 690 800 733 patrias
819 687 950 732 lapsus
972 690 1201 732 pervenerit
1222 700 1316 723 oras.

398 744 480 780 Nos
499 756 617 788 grave
639 747 843 778 certamen
864 742 959 778 belli
981 741 1216 786 clademque
1239 746 1436 787 tenemus,

399 799 565 834 Graecia
585 811 703 843 quam
723 797 863 833 Troiae
884 796 1018 832 divino
1039 799 1202 833 numine
1224 799 1344 841 vexit,

398 854 623 898 Omniaque
645 865 665 888 e
686 852 776 888 latis
798 865 929 888 rerum
951 854 1117 896 vestigia
1137 854 1262 888 terris.

344 940 455 977 Vidit
477 941 677 976 Homerus
698 939 853 985 probari
876 939 1050 975 fabulam
1077 952 1157 974 non
1185 952 1298 984 posse
1326 942 1356 976 si
1385 941 1508 976 canti-

343 995 497 1032 unculis
543 1000 678 1031 tantus
717 997 894 1030 irretitus
934 997 991 1029 vir
1029 999 1261 1037 teneretur3
1301 996 1508 1031 scientiam

344 1050 595 1095 pollicentur.
617 1063 734 1094 quam
755 1062 835 1084 non
857 1053 941 1085 erat
961 1051 1102 1085 mirum
1125 1051 1343 1093 sapientiae
1365 1049 1508 1095 cupido

345 1108 469 1150 patria
497 1097 607 1141 esse1
637 1107 836 1140 cariorem.
897 1104 1032 1149 Atque
1064 1106 1195 1139 omnia
1222 1103 1383 1148 quidem
1411 1107 1509 1140 scire

345 1158 735 1204 cuiuscumquemodi
757 1161 837 1194 sint
857 1171 1002 1203 cupere
1031 1161 1284 1203 curiosorum,
1305 1158 1396 1195 duci
1417 1172 1510 1196 vero

344 1218 534 1250 maiorum
555 1227 687 1250 rerum
711 1213 1050 1258 contemplatione
1077 1213 1127 1249 ad
1155 1213 1416 1259 cupiditatem
1436 1216 1508 1251 sci·

344 1272 476 1306 entiae
497 1282 738 1305 summorum
758 1271 927 1304 virorum
949 1273 1010 1304 est
1028 1268 1261 1313 putandum.

399 1324 507 1359 XIX.
532 1314 697 1368 “Quem
711 1326 817 1359 enim
830 1323 1011 1359 ardorem
1024 1323 1130 1359 studi
1144 1325 1315 1359 censetis
1332 1322 1450 1360 fuisse
1466 1325 1507 1360 in

345 1378 600 1422 Archimede,
621 1380 687 1422 qui
715 1377 810 1413 dum
836 1380 876 1413 in
904 1377 1065 1422 pulvere
1096 1378 1291 1422 quaedam
1321 1378 1510 1415 describit

344 1436 551 1477 attentius>
573 1446 622 1468 ne
644 1435 811 1478 patriam
832 1432 993 1477 quidem
1018 1437 1174 1477 captam
1202 1446 1286 1469 esse
1315 1434 1506 1469 senserit!

344 1493 537 1533 quantum
559 1487 787 1523 Aristoxeni
808 1489 1013 1532 ingenium
1029 1492 1307 1532 consumptum
1329 1488 1507 1524 videmus

342 1546 383 1579 in
402 1542 582 1578 musicis!
613 1555 690 1587 quo
710 1542 840 1578 studio
861 1541 1169 1587 Aristophanem
1195 1547 1379 1587 putamus
1398 1547 1505 1579 aeta-

342 1603 425 1634 tem
452 1600 491 1632 in
522 1597 666 1633 litteris
695 1597 876 1633 duxisse!
935 1596 1042 1641 Quid
1072 1597 1121 1633 de
1153 1597 1390 1642 Pythagora,
1409 1597 1505 1642 quid

342 1653 392 1688 de
430 1652 594 1687 Platone
633 1657 701 1687 aut
740 1651 790 1688 de
831 1651 1060 1687 Democrito
1098 1651 1263 1696 loquar?
1303 1665 1325 1687 a
1364 1652 1504 1697 quibus

341 1712 503 1752 propter
523 1706 701 1742 discendi
722 1706 983 1751 cupiditatem
1003 1706 1182 1742 videmus
1202 1707 1360 1742 ultimas
1380 1711 1504 1743 terras

341 1775 426 1798 esse
457 1766 693 1806 peragratas.
756 1760 867 1805 Quae
898 1764 964 1806 qui
995 1774 1074 1797 non
1105 1761 1256 1806 vident,
1287 1760 1385 1797 nihil
1418 1774 1501 1797 um-

339 1830 457 1862 quam
485 1829 674 1861 magnum
703 1808 772 1851 ac²
803 1818 1031 1860 cognitione
1061 1816 1227 1861 dignum
1257 1821 1498 1856 amaverunt.

468 1885 561 1918 lesse
577 1891 667 1917 most
686 1887 787 1917 MSS.
808 1887 903 1918 omit.

467 1924 719 1970 ²magnum-ac
736 1930 906 1967 Bremius,
928 1930 1021 1961 Mdv.
1044 1942 1051 1966 ;
1076 1941 1206 1971 magna
1226 1930 1323 1961 MSS.

719 2038 735 2055 ⁸
751 2034 914 2075 Odyssey,
937 2044 985 2072 12,
1009 2035 1067 2075 184
1085 2035 1118 2065 ff.

443 2089 520 2122 450
