1574 2364
199 790 245 824 13

197 1450 242 1481 14

579 155 774 192 CICERO
806 155 879 192 DE
910 155 1129 193 FINIBUS

274 237 423 282 phi-asti
445 236 494 272 de
517 237 633 272 beata
653 238 733 272 vita
753 235 866 280 liber,
883 238 924 272 in
945 249 1022 281 quo
1037 236 1207 272 multum
1224 235 1437 273 admodum

277 292 456 328 fortunae
489 290 626 334 datur-3
661 290 766 335 quod
798 293 828 327 si
860 293 915 327 ita
947 304 987 327 se
1020 290 1177 335 habeat,
1209 304 1287 327 non
1316 294 1438 337 possit

275 347 432 383 beatam
453 348 574 382 vitam
595 349 794 391 praestare
816 348 1018 391 sapientia.
1081 346 1194 382 Haec
1215 345 1312 382 mihi
1329 345 1436 382 vide-

274 407 339 438 tur
366 400 585 445 delicatior,
614 405 659 437 ut
686 403 741 436 ita
768 400 910 445 dicam,
934 400 1167 446 molliorque
1193 403 1292 437 ratio
1319 414 1437 446 quam

274 458 430 492 virtutis
459 458 514 492 vis
541 457 792 500 gravitasque
825 455 1010 500 postulat.
1071 455 1204 501 Quare
1231 461 1438 492 teneamus

276 511 534 547 Aristotelem
555 515 597 547 et
617 512 700 546 eius
722 509 843 546 filium
865 509 1166 556 Nicomachum,
1188 513 1296 547 cuius
1324 524 1437 547 accu-

274 571 358 602 rate
394 568 529 611 scripti
564 565 614 602 de
645 565 818 601 moribus
849 565 938 601 libri
971 565 1158 602 dicuntur
1189 565 1245 601 illi
1277 565 1437 610 quidem

275 634 360 657 esse
382 620 602 664 Aristoteli,
624 619 693 656 sed
714 633 793 656 non
814 620 930 656 video
951 633 1018 656 cur
1038 633 1118 656 non
1139 623 1316 666 potuerit
1335 623 1437 666 patri

276 675 412 712 similis
428 688 512 712 esse
530 675 640 711 filius.
692 674 1012 720 Theophrastum
1029 680 1165 712 tamen
1179 675 1437 712 adhibeamus

275 730 323 767 ad
356 730 558 776 pleraque,
589 730 683 766 dum
714 729 832 766 modo
863 730 951 775 plus
983 733 1022 765 in
1053 732 1200 766 virtute
1230 735 1437 767 teneamus

276 799 392 831 quam
413 785 480 822 ille
501 788 634 821 tenuit
655 784 849 821 firmitatis
874 790 916 821 et
943 785 1100 821 roboris.
1161 785 1289 822 Simus
1317 787 1438 830 igitur

275 843 454 877 contenti
485 840 554 876 his.
619 840 799 884 Namque
829 839 967 875 horum
996 842 1144 885 posteri
1171 840 1354 876 meliores
1381 840 1437 876 illi

275 895 449 940 quidem,
470 908 557 931 mea
578 897 792 938 sententia,
813 908 929 939 quam
949 895 1188 940 reliquarum
1214 885 1436 940 philosophi

275 950 584 996 disciplinarum,
605 949 674 986 sed
696 952 751 985 ita
771 949 1020 994 degenerant
1040 955 1085 986 ut
1104 952 1179 995 ipsi
1207 962 1255 986 ex
1284 962 1325 986 se
1353 952 1436 986 nati

275 1019 360 1042 esse
382 1005 600 1041 videantur.
644 1004 817 1040 Primum
838 1004 1115 1050 Theophrasti,
1137 1004 1282 1049 Strato,
1303 1004 1436 1050 physi-

276 1074 365 1096 cum
386 1073 426 1096 se
447 1060 591 1102 voluit;
621 1062 661 1095 in
682 1072 759 1104 quo
781 1062 852 1095 etsi
883 1064 944 1095 est
970 1072 1149 1105 magnus,
1171 1064 1307 1096 tamen
1334 1072 1435 1096 nova

275 1116 475 1161 pleraque,
512 1119 553 1151 et
587 1127 782 1159 perpauca
813 1114 862 1150 de
894 1115 1075 1151 moribus.
1138 1115 1282 1159 Huius,
1315 1114 1435 1160 Lyco,

275 1173 452 1206 oratione
482 1169 672 1214 locuples,
704 1170 820 1205 rebus
850 1172 942 1214 ipsis
973 1172 1150 1206 ieiunior.
1211 1170 1435 1206 Concinnus

274 1225 420 1262 deinde
453 1229 494 1260 et
525 1224 687 1269 elegans
719 1224 846 1269 huius,
868 1224 1014 1269 Aristo,
1035 1224 1105 1261 sed
1129 1237 1175 1261 ea
1204 1238 1303 1270 quae
1332 1224 1435 1261 desi-

274 1280 436 1316 deratur
472 1293 495 1315 a
531 1292 676 1324 magno
715 1279 949 1324 philosopho
987 1282 1156 1325 gravitas
1195 1282 1235 1316 in
1274 1293 1320 1316 eo
1354 1293 1434 1316 non

274 1335 368 1377 fuit3
403 1337 548 1379 scripta
582 1347 675 1370 sane
710 1339 751 1370 et
785 1334 910 1370 multa
945 1339 986 1370 et
1024 1334 1159 1379 polita,
1193 1334 1263 1371 sed
1302 1337 1434 1371 nescio

274 1403 350 1435 quo
371 1394 486 1435 pacto
501 1391 779 1425 auctoritatem
795 1391 918 1425 oratio
934 1402 1013 1425 non
1031 1389 1161 1425 habet.

328 1436 352 1451 ‘⁶
369 1444 576 1480 Praetereo
591 1443 750 1489 multos,
765 1446 806 1479 in
822 1443 881 1479 his
897 1443 1059 1480 doctum
1075 1443 1276 1480 hominem
1293 1448 1334 1480 et
1350 1457 1435 1480 sua-

273 1513 375 1544 vem,
412 1500 715 1543 Hieronymum,
751 1511 870 1544 quem
904 1501 982 1534 iam
1017 1511 1086 1535 cur
1126 1498 1434 1544 Peripateticum

272 1554 471 1600 appellem
509 1556 663 1596 nescio;
702 1566 899 1589 summum
931 1556 1037 1590 enim
1071 1554 1218 1589 bonum
1253 1556 1436 1599 exposuit

271 1612 509 1645 vacuitatem
536 1608 699 1651 doloris;
729 1611 795 1653 qui
824 1613 958 1644 autem
986 1608 1035 1645 de
1063 1621 1215 1645 summo
1234 1608 1337 1644 bono
1357 1608 1435 1645 dis-

319 1715 335 1733 3
347 1708 544 1740 Aristotle's
561 1708 735 1749 principal
752 1709 851 1739 work
867 1719 911 1739 on
930 1709 1052 1740 Ethies
1069 1708 1098 1740 is
1115 1708 1259 1740 entitled
1288 1708 1358 1740 The
1372 1708 1438 1739 Ni-

272 1752 502 1786 clzomaclzean
512 1752 646 1789 Etlzz'cs,
659 1756 696 1782 to
707 1752 922 1792 distinguish
937 1753 961 1782 it
975 1752 1061 1783 from
1075 1756 1147 1783 two
1160 1753 1260 1783 other
1271 1752 1436 1783 treatises

271 1796 435 1828 ascribed
461 1799 498 1826 to
525 1795 608 1832 him,
637 1795 696 1825 the
723 1795 924 1825 Eudemian
956 1795 1079 1826 Ethics
1108 1795 1181 1826 and
1210 1795 1270 1826 the
1295 1795 1434 1835 Alagma

272 1840 438 1871 Moralia.
478 1838 554 1869 The
570 1838 645 1868 title
662 1848 744 1878 may
758 1838 865 1878 imply
876 1838 953 1868 that
970 1839 1030 1869 the
1046 1838 1139 1869 book
1155 1848 1231 1869 was
1245 1838 1431 1869 dedicated

272 1888 319 1920 to,
345 1893 385 1913 or
407 1880 566 1923 possibly
585 1881 663 1912 that
687 1881 712 1911 it
736 1891 812 1911 was
837 1881 955 1911 edited
979 1881 1037 1922 by,
1065 1881 1346 1918 Nichomachus3
1370 1881 1431 1912 but

271 1925 409 1966 hardly,
429 1928 517 1965 pace
533 1924 670 1961 Cicero,
690 1924 768 1954 that
792 1924 817 1954 it
841 1934 916 1955 was
940 1924 1080 1955 written
1105 1924 1151 1965 by
1168 1924 1251 1962 him,
1270 1924 1365 1955 since
1388 1924 1431 1955 he

270 1968 350 2000 died
374 1969 407 1999 in
432 1968 543 1998 battle
567 1967 670 1998 while
694 1966 763 1998 still
786 1977 808 1998 a
831 1968 948 2008 youth.
1003 1966 1034 1998 It
1057 1977 1172 1999 seems
1196 1967 1330 1998 certain
1355 1967 1432 1997 that

269 2012 395 2043 Cicero
407 2010 479 2041 had
493 2020 601 2041 never
617 2008 715 2048 read,
734 2020 774 2041 or
797 2010 868 2041 had
891 2010 1084 2051 forgotten,
1103 2010 1163 2041 the
1187 2010 1292 2048 book,
1311 2010 1365 2041 sor
1388 2010 1431 2041 he

269 2055 417 2095 entirely
435 2053 578 2094 ignores
596 2056 641 2084 its
658 2052 860 2084 distinctive
878 2052 1067 2084 doctrines.
1116 2053 1182 2094 Cp.
1204 2053 1254 2084 IV
1273 2063 1309 2084 12
1325 2062 1358 2084 n.

374 2108 452 2140 404
