1574 2364
223 288 272 327 36

226 1743 270 1780 37

609 145 804 183 CICERO
835 144 909 182 DE
940 144 1160 183 FINIBUS

300 229 397 264 vitio
423 225 464 263 id
496 228 656 263 eveniat
686 230 823 262 tamen
855 227 896 262 in
928 237 1091 271 corpore
1122 227 1268 262 mutari
1299 225 1469 262 hominis

302 295 443 326 natura
463 289 653 326 videatur.
688 288 829 334 Itaque
851 301 873 325 e
893 291 1089 325 contrario
1109 287 1305 325 moderati
1325 301 1468 334 aequa-

301 353 480 398 bilesque
512 352 685 397 habitus,
716 351 946 389 affectiones
977 364 1150 397 ususque
1183 354 1355 397 corporis
1386 354 1468 397 apti

302 429 387 452 esse
407 415 458 452 ad
479 420 660 452 naturam
681 414 877 452 videntur.

358 469 384 486 “
395 478 478 515 Iam
494 491 586 516 vero
602 481 756 514 animus
772 491 853 514 non
869 491 954 515 esse
973 478 1098 514 solum
1116 477 1185 515 sed
1204 480 1325 515 etiam
1341 480 1469 514 cuius·

302 542 393 579 dam
413 541 521 579 modi
542 541 665 579 debet
686 554 785 586 esse,
803 546 847 578 ut
864 546 905 578 et
921 555 1058 578 omnes
1074 546 1206 586 partes
1223 554 1310 578 suas
1323 541 1472 578 habeat

303 605 522 642 incolumes
554 609 596 642 et
627 604 677 641 de
710 605 922 641 virtutibus
955 604 1063 640 nulla
1095 604 1209 641 desit.
1271 605 1405 650 Atque
1430 608 1469 641 in

303 669 482 706 sensibus
503 673 564 705 est
585 681 653 705 sua
674 670 862 714 cuiusque
884 670 1019 712 virtus,
1036 672 1081 704 ut
1101 681 1151 704 ne
1168 668 1263 713 quid
1279 667 1471 713 impediat

303 745 380 778 quo
407 734 536 768 minus
564 744 633 768 suo
661 744 798 768 sensus
826 733 992 776 quisque
1022 744 1186 768 munere
1215 730 1404 776 fungatur
1431 734 1471 767 in

303 798 348 832 iis
382 795 499 831 rebus
535 794 719 831 celeriter
760 794 1028 839 expediteque
1070 794 1336 840 percipiendis
1371 808 1471 840 quae

305 858 507 894 subiectae
525 862 617 894 sunt
633 857 822 894 sensibus.
878 856 993 893 XIII.
1029 856 1163 893 Animi
1179 859 1326 893 autem1
1339 860 1472 894 eteius

303 923 423 957 animi
445 923 567 966 partis
589 933 689 965 quae
711 923 894 966 princeps
917 925 979 957 est
1003 933 1184 966 quaeque
1209 933 1322 957 mens
1346 922 1471 956 nomi-

304 989 422 1020 natur
450 983 583 1029 plures
614 988 706 1020 sunt
736 985 916 1028 virtutes,
947 983 1018 1020 sed
1048 982 1126 1020 duo
1157 986 1282 1028 prima
1311 996 1471 1028 genera,

305 1060 427 1083 unum
455 1059 589 1083 earum
617 1059 717 1091 quae
745 1049 1033 1092 ingenerantur
1061 1051 1200 1092 suapte
1232 1051 1374 1083 natura
1404 1059 1471 1092 ap-

304 1110 584 1155 pellanturque
606 1122 686 1146 non
707 1109 965 1154 voluntariae,
987 1106 1185 1146 alterum²
1211 1122 1345 1146 earum
1372 1123 1471 1155 quae

305 1176 346 1208 in
367 1172 573 1209 voluntate
594 1175 746 1218 positae
768 1175 892 1218 magis
915 1175 1073 1218 proprio
1097 1175 1258 1209 nomine
1283 1173 1473 1219 appellari

305 1236 448 1281 solent,
462 1248 627 1281 quarum
644 1241 705 1272 est
721 1235 921 1272 excellens
937 1239 977 1271 in
993 1238 1213 1272 animorum
1228 1235 1346 1272 laude
1361 1249 1472 1282 prae-

307 1301 462 1335 stantia.
525 1298 666 1334 Prioris
681 1301 840 1343 generis
856 1303 917 1335 est
933 1298 1128 1344 docilitas,
1142 1301 1352 1341 memoria;
1372 1312 1472 1344 quae

309 1362 390 1398 fere
418 1363 549 1398 omnia
576 1361 829 1407 appellantur
856 1375 934 1397 uno
962 1364 1099 1406 ingeni
1127 1364 1301 1407 nomine,
1328 1375 1472 1407 easque

307 1427 474 1461 virtutes
507 1426 573 1469 qui
610 1423 761 1461 habent
798 1426 993 1469 ingeniosi
1029 1429 1227 1460 vocantur.
1288 1424 1473 1462 Alterum

309 1493 442 1524 autem
473 1499 600 1533 genus
632 1491 694 1523 est
724 1500 958 1532 magnarum
990 1500 1249 1532 verarumque
1280 1490 1472 1524 virtutum

308 1563 402 1596 quas
434 1549 680 1595 appellamus
713 1550 965 1596 voluntarias,
996 1556 1041 1587 ut
1073 1550 1340 1596 prudentiam,
1370 1556 1471 1587 tem-

306 1615 540 1659 perantiam,
559 1612 847 1658 fortitudinem,
865 1616 1056 1650 iustitiam
1073 1618 1115 1651 et
1129 1613 1300 1659 reliquas
1314 1616 1472 1660 generis

306 1675 494 1713 eiusdem.

361 1731 382 1746 ‘⁴
396 1739 448 1775 Et
468 1742 694 1776 summatim
715 1739 877 1785 quidem
896 1740 995 1777 haec
1016 1745 1130 1777 erant
1145 1740 1195 1778 de
1212 1753 1373 1786 corpore
1389 1743 1471 1776 ani-

306 1815 449 1847 moque
480 1801 662 1847 dicenda,
685 1803 826 1848 quibus
857 1806 966 1849 quasi
997 1803 1254 1840 informatum
1285 1808 1346 1840 est
1376 1802 1470 1848 quid

306 1865 477 1902 hominis
509 1869 651 1902 natura
681 1865 879 1911 postulet;
921 1880 969 1903 ex
1001 1879 1080 1912 quo
1111 1869 1363 1913 perspicuum
1396 1871 1470 1911 est,

307 1930 491 1974 quoniam
512 1929 585 1973 ipsi
604 1941 626 1964 a
646 1929 758 1974 nobis
774 1928 984 1974 diligamur
1000 1932 1210 1975 omniaque
1227 1934 1269 1966 et
1284 1932 1322 1965 in
1339 1931 1471 1965 animo

425 2012 436 2031 ¹
454 2011 566 2043 animi
583 2014 695 2043 autem
711 2011 763 2042 br.
781 2011 927 2042 Martha
943 2022 982 2042 as
998 2011 1181 2054 including
1197 2022 1331 2046 sensus.

426 2055 438 2074 ²
455 2056 597 2086 alterum
613 2055 676 2086 inf.
694 2054 805 2091 MSS„
822 2055 941 2091 Mdv.;
967 2055 1109 2086 alterum
1126 2059 1239 2086 autem
1257 2057 1299 2089 E.

380 2101 455 2139 432
