1574 2364
167 994 215 1032 77

552 128 748 165 CICERO
781 128 854 165 DE
885 128 1105 166 FINIBUS

243 208 442 254 expediat,
468 208 565 243 nihil
597 207 770 253 denique
803 211 878 244 nisi
910 213 978 244 tua
1011 222 1153 252 causa;
1183 222 1302 255 quem
1335 208 1412 245 cla-

243 293 393 316 morem
421 281 614 315 contionis
635 283 703 314 aut
723 292 839 323 quam
863 292 973 324 spem
995 280 1221 316 consulatus
1243 283 1326 316 eius
1346 283 1412 325 qui

244 352 317 387 tibi
331 353 597 396 paratissimus
611 354 672 385 est
685 349 859 385 futuram
872 355 988 395 putas
1002 351 1016 385 ?
1052 350 1203 387 Eamne
1219 353 1413 387 rationem

245 424 366 466 igitur
386 411 566 465 sequere1
583 433 659 465 qua
675 425 808 456 tecum
824 423 907 465 ipse
925 425 967 456 et
983 433 1072 456 cum
1089 424 1166 457 tuis
1182 426 1308 466 utare,
1325 434 1412 466 pro-

246 492 346 528 fiteri
371 496 413 527 et
436 494 476 527 in
501 491 677 527 medium
704 490 880 536 proferre
908 504 987 527 non
1013 491 1186 528 audeas?
1244 492 1300 528 At
1320 505 1411 529 vero

246 563 311 600 illa
331 576 429 608 quae
454 563 719 608 Peripatetici,
736 575 835 607 quae
854 562 974 599 Stoici
996 562 1147 608 dicunt,
1168 576 1324 609 semper
1340 565 1412 600 tibi

246 637 285 670 in
307 647 372 670 ore
400 638 492 670 sunt
519 636 558 669 in
587 633 751 677 iudiciis,
780 636 819 669 in
848 638 998 670 senatu.
1060 634 1254 679 Officium,
1279 638 1412 680 aequi-

246 710 385 749 tatem,
407 705 660 749 dignitatem,
682 704 814 749 fidem,
836 709 957 749 recta,
979 705 1161 750 honesta,
1190 705 1311 750 digna
1341 708 1412 742 irn-

247 779 367 822 perio,
389 776 509 822 digna
529 776 675 822 populo
699 776 886 820 Romano,
917 779 1048 812 onmia
1078 777 1252 822 pericula
1273 790 1342 823 pro
1372 790 1414 814 re

247 848 415 894 publica,
447 850 545 883 mori
580 860 649 892 pro
681 847 976 892 pati·ia,—haec
1009 861 1098 884 cum
1130 848 1314 893 loqueris,
1344 861 1414 885 nos

247 920 413 955 barones
452 923 669 963 stupemus,
705 923 747 954 tu
789 918 976 954 videlicet
1012 923 1144 955 tecum
1179 922 1261 965 ipse
1296 919 1410 956 rides.

247 991 349 1026 Nam
370 993 475 1026 inter
496 992 569 1025 ista
585 994 666 1025 tam
682 989 889 1034 magnifica
906 990 1024 1025 verba
1039 995 1200 1035 tamque
1216 990 1415 1036 praeclara

247 1074 327 1098 non
343 1061 465 1097 habet
480 1060 605 1097 ullum
621 1060 801 1105 voluptas
817 1060 960 1105 locum,
977 1073 1057 1097 non
1076 1061 1194 1097 modo
1214 1061 1281 1097 illa
1296 1074 1412 1107 quam

248 1136 287 1169 in
322 1137 431 1168 motu
467 1145 551 1168 esse
586 1131 731 1176 dicitis,
765 1145 882 1176 quam
914 1145 1051 1168 omnes
1082 1133 1233 1178 urbani,
1266 1136 1413 1177 rustici,

248 1216 396 1247 omnes,
430 1206 602 1248 inquam,
635 1205 701 1247 qui
736 1202 877 1239 Latine
909 1203 1137 1248 loquuntur,
1169 1204 1414 1249 voluptatem

249 1279 403 1317 vocant,
429 1273 499 1310 sed
524 1286 574 1309 ne
602 1273 700 1309 haec
727 1273 887 1318 quidem
913 1274 1077 1319 stabilis,
1105 1288 1222 1320 quam
1258 1280 1415 1320 praeter

249 1359 315 1382 vos
336 1358 453 1381 nemo
473 1344 649 1390 appellat
675 1344 932 1389 voluptatem.
994 1345 1138 1382 XXIV.
1173 1346 1273 1382 Vide
1295 1349 1416 1391 igitur

248 1426 299 1449 ne
312 1425 391 1448 non
407 1411 553 1448 debeas
566 1411 694 1447 verbis
707 1414 849 1447 nostris
863 1414 933 1456 uti,
951 1414 1160 1448 sententiis
1177 1415 1264 1449 tuis.
1297 1412 1414 1458 Quod

249 1482 279 1516 si
300 1478 452 1514 vultum
472 1478 558 1522 tibi,
580 1480 611 1513 si
631 1480 827 1513 incessum
847 1477 1015 1522 fingeres
1036 1491 1113 1523 quo
1133 1481 1286 1523 gravior
1306 1479 1413 1515 vide-

248 1558 347 1590 rere,
364 1557 444 1580 non
461 1556 565 1580 esses
581 1546 639 1580 tui
655 1543 790 1580 similis
807 1556 815 1580 z
836 1544 955 1580 verba
971 1549 1011 1580 tu
1031 1544 1167 1590 fingas,
1184 1550 1225 1582 et
1246 1558 1291 1582 ea
1307 1545 1412 1582 dicas

247 1624 347 1658 quae
377 1624 457 1646 non
487 1611 662 1646 sentias?
692 1615 761 1647 aut
790 1613 923 1655 etiam,
944 1615 990 1647 ut
1018 1614 1220 1656 vestitum,
1241 1615 1295 1648 sic
1324 1625 1412 1649 sen-

247 1681 415 1715 tentiam
443 1677 588 1713 habeas
615 1676 731 1712 aliam
759 1677 1030 1722 domesticam,
1057 1678 1174 1714 aliam
1202 1678 1411 1724 forensem,

247 1750 292 1781 ut
313 1747 354 1780 in
380 1743 511 1779 fronte
537 1746 754 1779 ostentatio
781 1746 845 1788 sit,
866 1746 973 1780 intus
993 1747 1138 1781 veritas
1163 1745 1412 1782 occultetur?

249 1811 364 1855 Vide,
385 1822 542 1855 quaeso,
563 1814 770 1846 rectumne
791 1813 851 1846 sit.
905 1810 1005 1846 Mihi
1026 1811 1187 1856 quidem
1209 1824 1278 1848 eae
1298 1825 1414 1849 verae

248 1877 433 1914 videntur
460 1878 665 1920 opiniones
697 1888 797 1920 quae
826 1875 1031 1921 honestae,
1056 1890 1156 1922 quae
1183 1878 1412 1924 laudabiles,

247 1957 348 1990 quae
369 1943 575 1988 gloriosae,
597 1954 696 1986 quae
719 1945 758 1977 in
781 1948 934 1987 senatu,
957 1956 1057 1988 quae
1081 1944 1186 1990 apud
1207 1945 1396 1991 populum

498 2013 507 2031 ¹
521 2023 660 2053 sequere
676 2013 724 2049 A;
743 2017 833 2043 most
854 2014 953 2044 MSS.
973 2025 1128 2055 sequare.

359 2063 432 2102 166
