1574 2364
210 988 261 1026 70

212 1648 255 1681 71

595 154 792 192 CICERO
823 155 896 192 DE
927 155 1147 194 FINIBUS

288 238 375 271 tuas
396 236 657 279 cogitationes
682 239 724 270 et
748 235 879 272 studia
903 238 1174 281 perspexeri53
1204 236 1373 282 pudebit
1396 241 1448 283 te,

289 294 462 337 inquam,
497 291 601 327 illius
635 291 794 329 tabulae
828 306 946 338 quam
978 293 1191 331 Cleanthes
1223 307 1316 331 sane
1348 308 1453 331 com-

290 349 405 385 mode
440 350 568 386 verbis
605 349 823 395 depingere
857 350 1018 387 solebat.
1080 351 1248 388 lubebat
1283 365 1348 389 eos
1387 354 1453 399 qui

289 407 505 444 audiebant
543 419 677 444 secum
714 410 817 453 ipsos
856 411 1030 453 cogitare
1064 412 1212 458 pictam
1244 412 1286 446 in
1319 410 1455 447 tabula

291 464 536 510 voluptatem
564 465 829 511 pulcherrimo
857 469 1003 503 vestitu
1033 471 1076 503 et
1099 472 1239 504 ornatu
1267 468 1390 513 regali
1413 471 1453 505 in

291 523 387 559 solio
413 522 645 566 sedentem;
674 529 831 569 praesto
858 537 942 561 esse
971 527 1138 562 virtutes
1167 530 1212 562 ut
1235 526 1452 571 ancillulas,

290 594 390 626 quae
411 581 508 617 nihil
530 581 636 618 aliud
651 587 831 627 agerent,
847 582 1001 619 nullum
1016 596 1129 619 suum
1145 584 1312 620 officium
1332 584 1452 621 duce-

290 644 381 676 rent
396 642 468 676 nisi
490 644 534 676 ut
550 639 742 685 voluptati
758 643 1042 686 ministrarent,
1059 646 1100 677 et
1120 654 1207 678 eam
1226 647 1383 679 tantum
1403 642 1452 679 ad

290 710 425 734 aurem
446 697 709 734 admonerent
729 689 777 741 (si
798 698 915 734 modo
931 698 971 735 id
991 701 1144 744 pictura
1163 699 1345 746 intellegi
1365 714 1452 746 pos—

291 747 370 799 set)
385 760 430 792 ut
446 760 603 792 caveret
618 769 669 792 ne
690 756 785 801 quid
801 755 950 793 faceret
966 757 1194 802 imprudens
1211 758 1316 804 quod
1332 758 1453 795 offen-

291 813 406 851 deret
425 816 574 850 animos
595 814 812 859 hominum,
828 819 897 851 aut
912 815 1126 860 quidquam
1147 828 1168 852 e
1190 828 1267 861 quo
1287 819 1454 854 oriretur

290 872 429 918 aliquis
449 872 569 909 dolor.
612 863 718 908 ‘Nos
739 872 899 917 quidem
920 875 1087 910 virtutes
1109 876 1162 910 sic
1183 878 1300 911 natae
1320 888 1453 912 sumus

290 935 335 966 ut
355 931 427 966 tibi
448 933 569 966 servir
572 943 706 973 emus3
736 930 842 966 aliud
863 933 1000 976 negoti
1020 930 1119 966 nihil
1140 931 1354 970 habemus!

345 975 602 1020 XX11.“At
637 989 758 1030 negat
793 985 984 1030 Epicurus
1013 978 1106 1028 (hoc
1140 989 1247 1023 enim
1276 992 1451 1024 vestrum

290 1040 426 1075 lumen
448 1031 525 1082 est)
546 1052 784 1084 quemquam
800 1042 866 1084 qui
882 1039 1050 1076 honeste
1066 1053 1145 1076 non
1161 1043 1266 1077 vivat
1280 1042 1451 1079 iucunde

292 1107 403 1139 posse
425 1096 566 1130 vivere.
627 1093 748 1139 Quasi
770 1107 844 1139 ego
864 1094 904 1130 id
925 1107 1058 1131 curem
1079 1095 1175 1140 quid
1195 1095 1262 1134 ille
1283 1099 1362 1133 aiat
1382 1101 1451 1133 aut

291 1154 434 1194 neget;
463 1148 561 1185 illud
582 1161 739 1194 quaero,
761 1149 855 1193 quid
886 1151 922 1184 ei
951 1152 1019 1194 qui
1049 1152 1089 1185 in
1113 1150 1316 1196 voluptate
1346 1164 1450 1188 sum-

291 1217 400 1240 mum
420 1203 567 1239 bonum
587 1208 709 1248 ponat
733 1208 1044 1240 consentaneum
1068 1207 1119 1241 sit
1139 1205 1282 1242 dicere.
1343 1205 1450 1251 Quid

292 1258 404 1295 affers
439 1271 507 1294 cur
535 1257 714 1303 Thorius,
744 1271 812 1294 cur
846 1258 965 1295 Chius
996 1252 1246 1304 Postumius,l
1274 1273 1342 1297 cur
1370 1273 1452 1297 orn-

292 1316 402 1350 nium
432 1312 572 1348 horum
595 1315 795 1357 magister,
818 1312 954 1358 Orata,
980 1326 1061 1349 non
1087 1314 1366 1352 iucundissime
1399 1318 1453 1352 vi-

293 1368 419 1404 xerit?
469 1367 558 1413 Ipse
579 1372 713 1412 negat,
734 1372 779 1404 ut
798 1372 892 1404 ante
913 1367 1006 1413 dixi,
1027 1368 1312 1406 luxuriosorum
1333 1373 1453 1406 vitam

292 1422 610 1468 reprendendam
639 1424 713 1458 nisi
742 1422 860 1467 plane
890 1421 989 1459 fatui
1018 1425 1109 1467 sint,
1131 1423 1171 1459 id
1199 1428 1260 1461 est
1285 1427 1359 1460 nisi
1384 1429 1453 1461 aut

293 1480 455 1523 cupiant
470 1481 538 1513 aut
553 1481 745 1513 metuant.
806 1476 983 1522 Quarum
997 1477 1200 1514 ambarum
1216 1491 1346 1515 rerum
1362 1492 1451 1516 cum

292 1532 530 1569 medicinam
554 1531 776 1577 pollicetur,
798 1531 973 1568 luxuriae
1000 1532 1202 1569 licentiam
1229 1533 1448 1578 pollicetur.

294 1588 370 1623 His
391 1589 497 1623 enim
517 1586 633 1623 rebus
654 1586 843 1623 detractis
863 1591 985 1631 negat
1005 1599 1047 1623 se
1067 1590 1240 1633 reperire
1261 1590 1302 1624 in
1321 1593 1449 1625 asoto-

291 1655 378 1678 rum
398 1644 477 1677 vita
498 1641 603 1686 quod
623 1641 846 1686 reprendat.
907 1641 997 1677 Non
1017 1644 1138 1686 igitur
1158 1645 1323 1687 potestis
1342 1643 1450 1680 volu-

291 1701 402 1741 ptate
416 1699 546 1732 omnia
559 1695 777 1741 dirigentes
790 1700 858 1732 aut
871 1699 973 1732 tueri
986 1701 1055 1732 aut
1067 1699 1240 1734 retinere
1250 1700 1447 1734 virtutem.

292 1751 395 1787 Nam
424 1763 497 1787 nec
528 1753 584 1786 vir
614 1751 738 1787 bonus
767 1763 811 1787 ac
841 1753 965 1787 iustus
995 1750 1130 1787 haberi
1160 1751 1283 1788 debet
1311 1755 1378 1797 qui
1401 1765 1452 1790 ne

337 1863 437 1895 ¹Inf.
465 1865 563 1896 MSS
596 1865 688 1896 have
719 1864 925 1897 Postumius
952 1873 1014 1896 cur
1036 1864 1156 1897 Chius.
1201 1865 1300 1897 Mdv,
1324 1865 1446 1898 marks

296 1907 552 1947 acorruption,
583 1908 790 1948 suspecting
820 1909 904 1939 that
932 1909 1032 1939 three
1061 1917 1209 1948 persons
1237 1918 1328 1940 were
1359 1918 1445 1939 enu-

294 1949 458 1980 merated
474 1949 594 1980 before
612 1950 985 1981 curomnimnhorums
1001 1960 1060 1981 cur
1070 1950 1218 1982 Hirrius
1233 1950 1292 1990 (an
1303 1950 1445 1991 epicure

295 1991 504 2073 {nzentioned
521 1991 570 2032 by
586 1992 699 2023 Varro
714 1991 787 2023 and
805 1992 911 2035 Pliny
926 1993 988 2025 the
1002 1992 1137 2035 Elder),
1155 2002 1216 2025 cur
1229 1993 1442 2028 Postumius,

334 2042 355 2063 a
373 2042 439 2063 ser

406 2075 480 2114 158
