1574 2364
184 290 257 328 109

186 889 259 920 110

186 1422 252 1454 111

597 135 792 173 CICERO
826 135 898 180 DE
929 134 1149 172 FINIBUS

286 231 361 256 nec
386 230 478 255 vero
505 216 545 253 id
572 216 667 253 dum
694 217 825 251 omnia
850 214 900 251 ad
927 214 1173 261 voluptatem
1199 214 1455 262 doloremque

289 285 469 323 referetis
509 284 686 320 efficietis
720 295 916 327 umquam.
977 281 1109 327 Quare
1143 282 1250 319 aliud
1283 282 1456 329 aliquod,

288 352 500 397 Torquate,
538 349 708 385 hominis
747 361 944 385 summum
982 349 1129 385 bonum
1177 349 1455 395 reperiendum

290 423 370 462 est3
402 417 651 462 voluptatem
677 415 814 452 bestiis
842 415 1117 459 concedamus,
1143 416 1285 460 quibus
1312 429 1378 452 vos
1406 416 1455 453 de

289 497 441 521 summo
480 484 583 519 bono
622 482 792 518 testibus
830 484 889 518 uti
923 481 1068 518 soletis.
1130 480 1237 526 Quid
1271 485 1302 519 si
1336 486 1456 519 etiam

289 552 438 587 bestiae
459 549 585 585 multa
605 548 768 593 faciunt,
789 547 890 584 duce
910 561 979 584 sua
999 560 1178 593 quaeque
1198 553 1350 593 natura,
1371 562 1456 594 par-

290 621 361 653 tim
389 614 667 661 indulgenterl
682 614 742 650 vel
758 628 846 650 cum
873 614 1019 659 labore,
1041 620 1085 651 ut
1113 617 1153 650 in
1179 615 1395 660 gignendo,
1417 619 1455 651 in

289 683 508 727 educando,
537 682 723 728 perfacile
753 677 818 717 ut2
850 686 1037 726 appareat
1067 681 1173 717 aliud
1197 682 1385 727 quiddam
1412 686 1457 720 iis

290 753 548 797 propositum,
568 762 649 784 non
669 748 939 793 voluptatem?
970 751 1113 793 partim
1139 761 1252 785 cursu
1280 754 1322 786 et
1345 761 1455 795 pera-

289 820 469 862 gratione
491 810 1048 860 laetantur33congregatione
1064 814 1164 851 aliae
1184 820 1342 852 coetum
1362 828 1457 860 quo-

291 884 381 920 dam
411 882 530 919 modo
561 884 731 918 civitatis
758 883 984 925 imitantur;
1014 881 1192 918 videmus
1219 884 1260 917 in
1287 882 1457 927 quodam

290 948 506 987 volucrium
553 961 702 995 genere
740 947 932 984 nonnulla
979 947 1124 984 indicia
1170 951 1344 994 pietatis,
1392 962 1455 986 co-

289 1020 525 1063 gnitionem,
538 1018 767 1052 memoriam
780 1028 788 1059 ;
802 1017 841 1050 in
855 1014 990 1051 multis
1007 1017 1127 1051 etiam
1140 1014 1336 1052 desideria
1348 1015 1457 1054 vide·

292 1097 399 1127 mus;
447 1096 542 1128 ergo
580 1085 620 1118 in
660 1082 796 1119 bestiis
837 1086 955 1118 erunt
993 1086 1147 1119 secreta
1192 1095 1215 1118 a
1253 1082 1457 1129 voluptate

291 1151 549 1187 humanarum
588 1148 781 1194 quaedam
816 1148 1023 1185 simulacra
1053 1151 1258 1194 virtutum,
1292 1152 1333 1186 in
1367 1153 1458 1196 ipsis

291 1217 515 1254 hominibus
536 1218 659 1252 virtus
679 1218 753 1251 nisi
776 1215 989 1261 voluptatis
1010 1228 1124 1252 causa
1144 1215 1253 1252 nulla
1274 1217 1374 1253 erit?
1405 1216 1457 1252 Et

294 1286 457 1330 homini,
479 1286 545 1329 qui
567 1285 709 1319 ceteris
733 1283 1000 1319 animantibus
1028 1282 1241 1328 plurimum
1268 1288 1456 1329 praestat,

289 1354 489 1399 praecipui
509 1364 531 1386 a
551 1354 691 1386 natura
711 1348 809 1385 nihil
832 1349 969 1386 datum
991 1362 1075 1386 esse
1096 1350 1296 1387 dicemus?

346 1413 530 1450 XXXIV.
565 1402 679 1449 “Nos
705 1425 810 1457 vero,
831 1415 861 1449 si
886 1412 1047 1457 quidem
1072 1415 1112 1449 in
1136 1412 1340 1459 voluptate
1365 1418 1458 1450 sunt

289 1480 432 1522 omnia,
449 1476 567 1521 longe
589 1475 838 1521 multumque
859 1488 1089 1521 superamur
1103 1489 1126 1512 a
1145 1476 1295 1521 bestiis,
1315 1477 1456 1522 quibus

290 1546 374 1588 ipsa
399 1545 504 1577 terra
530 1538 664 1575 fundit
690 1551 739 1574 ex
769 1551 854 1576 sese
883 1543 1018 1584 pastus
1038 1541 1162 1575 varios
1186 1543 1305 1584 atque
1332 1540 1454 1576 abun-

291 1605 432 1641 dantes
464 1602 563 1638 nihil
594 1602 883 1645 laborantibus;
913 1602 1025 1638 nobis
1052 1606 1186 1638 autern
1210 1607 1280 1639 aut
1299 1605 1362 1638 vix
1389 1607 1456 1639 aut

292 1680 342 1713 ne
364 1669 425 1702 vix
447 1665 608 1710 quidem
629 1669 849 1711 suppetunt
868 1664 993 1701 multo
1014 1664 1146 1701 labore
1163 1666 1454 1710 quaerentibus.

292 1731 377 1767 Nec
409 1734 544 1765 tamen
572 1728 652 1764 ullo
678 1727 796 1764 modo
820 1740 1017 1764 summum
1048 1728 1211 1774 pecudis
1242 1728 1389 1764 bonum
1417 1733 1459 1765 et

292 1794 461 1830 hominis
483 1790 588 1827 idem
610 1790 707 1832 mihi
728 1790 853 1828 videri
884 1795 1028 1836 potest.
1089 1790 1196 1837 Quid
1217 1794 1323 1828 enim
1344 1796 1458 1827 tanto

293 1850 388 1902 opus
410 1860 471 1891 est
491 1856 757 1890 instrumento
776 1857 817 1889 in
834 1857 992 1899 optimis
1009 1855 1157 1891 artibus
1173 1853 1456 1900 comparandis,

293 1919 386 1965 quid
397 1923 509 1956 tanto
519 1929 709 1955 concursu
724 1915 1090 1954 honestissimorum
1103 1917 1335 1963 studiorum,
1346 1923 1458 1955 tanto

369 2000 383 2021 ¹
408 1998 611 2040 diligenter?
640 1996 742 2028 Reid.
982 1994 995 2015 ¹
1017 1997 1054 2026 ut
1069 1995 1234 2035 supplied
1249 1995 1299 2037 by
1314 1994 1451 2027 Miiller.

436 2085 511 2123 202
685 2040 698 2059 ³
722 2037 1121 2081 [partim—laetanturJ?
1148 2037 1252 2069 Reid.
