1574 2364
599 151 794 188 CICERO
827 149 900 186 DE
932 149 1152 186 FINIBUS

290 247 417 280 quam.
477 223 502 240 “
515 233 554 270 Si
576 245 654 268 una
674 234 811 274 virtus,
832 243 955 266 unum
980 230 1086 266 istud
1113 229 1219 275 quod
1245 228 1456 266 honestum

290 296 479 343 appellas,
519 300 686 337 rectum,
726 293 938 338 laudabile,
977 293 1166 329 decorum
1211 285 1306 335 (erit
1352 295 1456 329 enim

291 363 422 396 notius
457 358 572 404 quale
607 361 659 394 sit
692 357 869 403 pluribus
903 361 1086 392 notatum
1120 355 1319 392 vocabulis
1352 355 1458 392 idem

291 414 615 466 ‹lechii-antibus),
631 421 671 457 id
692 423 826 465 igitur,
844 422 1017 464 inquam,
1034 422 1065 456 si
1081 419 1206 455 solum
1223 424 1284 455 est
1300 419 1460 464 bonum,

292 486 385 532 quid
415 486 579 521 babebis
609 489 816 530 praeterea
846 483 951 528 quod
982 483 1170 527 sequare?
1201 488 1283 527 aut,
1304 485 1333 518 si
1362 482 1458 518 nihil

292 550 438 586 malum
460 551 534 585 nisi
555 548 659 593 quod
681 552 810 593 turpe,
829 546 1098 590 inhonestum,
1115 546 1358 590 indecorum,
1376 559 1461 591 pra-

292 627 395 657 vum,
426 612 677 657 flagitiosum,
709 610 870 646 foedum
900 601 963 652 (ut
994 608 1067 645 hoc
1097 622 1253 654 quoque
1283 609 1460 653 pluribus

291 676 516 712 nominibus
530 677 684 719 insigne
702 665 920 717 faciamus),
935 672 1030 717 quid
1043 677 1249 717 praeterea
1259 671 1365 708 dices
1375 685 1459 709 esse

293 738 587 784 fugiendum?”
648 727 671 743 “
689 736 779 772 Non
806 738 1005 781 ignoranti
1031 735 1142 778 tibi‚''
1166 737 1308 780 inquit,
1330 727 1459 780 “quid

293 806 366 839 sim
396 802 585 845 dicturus,
613 800 682 836 sed
713 799 874 844 aliquid,
905 803 949 835 ut
979 811 1053 843 ego
1084 801 1270 843 suspicor,
1298 811 1345 834 ex
1374 812 1461 835 mea

291 867 400 902 brevi
427 866 682 909 responsione
708 865 880 907 arripere
907 864 1084 906 cupienti
1109 874 1189 897 non
1214 861 1461 906 respondebo

292 929 342 965 ad
363 927 538 973 singulm
569 926 775 971 explicabo
796 927 939 970 potius,
961 927 1146 969 quoniam
1173 927 1288 960 otiosi
1315 937 1459 969 sumus,

292 995 365 1028 nisi
381 991 552 1027 alienum
575 994 702 1034 putas,
716 993 842 1024 totam
864 988 1031 1024 Zenonis
1052 988 1352 1032 Stoicorumque
1373 1001 1460 1024 sen-

292 1053 499 1092 tentiam.”
551 1044 573 1059 ‘⁶
590 1053 756 1088 Minime
773 1050 812 1086 id
827 1050 1027 1096 quidem,”
1050 1052 1224 1095 inquam,
1242 1041 1460 1097 “alienum,

291 1119 541 1162 multumque
575 1115 624 1152 ad
665 1128 710 1151 ea
744 1128 843 1160 quae
883 1116 1106 1159 quaerimus
1144 1113 1354 1159 explicatio
1392 1120 1460 1151 tua

243 1194 259 1225 ξ
291 1186 365 1219 ista
386 1179 637 1226 profecerit.’'
672 1169 967 1223 “Experiamur
987 1177 1146 1222 igitur,''
1170 1180 1319 1222 inquit;
1349 1168 1372 1185 “
1385 1182 1458 1215 etsi

292 1246 414 1282 habet
445 1244 542 1279 haec
575 1243 795 1279 Stoicorum
829 1243 928 1276 ratio
959 1240 1152 1276 difficilius
1191 1241 1379 1285 quiddam
1418 1248 1460 1279 et

292 1310 502 1345 obscurius.
563 1306 664 1342 Nam
691 1318 779 1341 cum
804 1307 844 1340 in
872 1304 1025 1340 Graeco
1053 1317 1233 1340 sermone
1254 1304 1352 1341 haec
1376 1308 1459 1351 ipsa

291 1371 490 1418 quondam
510 1383 641 1405 rerum
662 1370 822 1404 nomina
842 1380 1030 1403 novarum
1052 1396 1058 1402 .
1083 1395 1089 1402 .
1115 1359 1149 1402 .¹
1170 1380 1249 1403 non
1270 1368 1457 1405 videban-

292 1442 369 1479 tur,
401 1447 501 1480 quae
540 1445 645 1468 nunc
685 1430 932 1467 consuetudo
969 1430 1157 1466 diuturna
1194 1433 1324 1474 trivit3
1363 1433 1455 1476 quid

291 1511 429 1535 censes
459 1500 498 1532 in
537 1496 678 1531 Latino
710 1494 852 1530 fore?”
913 1484 1196 1529 “Facillimum
1228 1494 1267 1530 id
1297 1495 1455 1539 quidem

293 1562 390 1606 est,'’
428 1564 598 1605 inquam.
658 1549 736 1593 “Si
772 1560 878 1593 enim
913 1557 1062 1593 Zenoni
1096 1557 1219 1601 licuit,
1252 1570 1341 1593 cum
1374 1571 1456 1594 rem

292 1626 461 1670 aliquam
489 1625 706 1658 invenisset
731 1623 971 1664 inusitatam,
992 1619 1215 1656 inauditum
1241 1633 1396 1665 quoque
1423 1625 1457 1657 ei

293 1691 347 1724 rei
377 1700 522 1723 nomen
552 1688 769 1730 imponere,
800 1697 869 1720 cur
897 1697 976 1719 non
1005 1683 1125 1719 liceat
1154 1683 1317 1719 Catoni?
1375 1685 1457 1720 Nec

291 1757 423 1787 tamen
444 1751 611 1794 exprimi
632 1748 794 1784 verbum
812 1760 832 1783 e
850 1747 969 1783 verbo
985 1759 1146 1783 necesse
1168 1749 1255 1791 erit,
1273 1751 1315 1782 ut
1337 1749 1452 1782 inter-

292 1819 424 1860 pretes
452 1812 632 1848 indiserti
664 1811 806 1854 solent,
828 1824 917 1846 cum
946 1812 997 1846 sit
1023 1810 1187 1846 verbum
1217 1809 1321 1854 quod
1351 1810 1454 1846 idem

290 1877 466 1913 declaret
486 1877 610 1919 magis
631 1877 840 1917 usitatum;
870 1873 1056 1918 equidem
1076 1873 1182 1909 soleo
1203 1876 1335 1915 etiam,
1352 1873 1452 1917 quod

291 1953 369 1976 uno
408 1940 562 1982 Graeci,
598 1939 629 1974 si
667 1937 783 1972 aliter
817 1950 896 1972 non
931 1949 1100 1982 possum,
1136 1936 1241 1972 idem
1281 1936 1452 1981 pluribus

332 2003 344 2021 ¹
364 2003 460 2033 Mdv.
491 2001 614 2032 marks
642 2001 781 2036 lacuna,
808 1999 880 2030 and
911 1999 1131 2041 conjectures
1163 2010 1333 2030 novarum
1365 2010 1453 2031 nova

294 2045 552 2081 erantsercnda
571 2055 638 2074 non
655 2043 873 2074 videbantur.

399 2097 475 2130 230
