1574 2364
228 217 278 256 93

222 1356 271 1393 94

591 128 787 166 CICERO
819 128 893 166 DE
924 129 1143 170 FINIBUS

364 213 512 250 XXXI.
545 204 645 249 “An
679 226 730 250 ne
765 213 839 250 1100
874 214 1034 259 quidem
1076 214 1350 261 Peripateticis
1384 228 1475 252 con-

310 277 430 322 cedis,
457 282 502 313 ut
533 276 669 313 dicant
699 279 875 313 omnium
907 277 1100 314 bonorum
1131 278 1386 323 virorum,·id
1415 283 1475 316 est

310 342 562 386 sapientium,
602 340 785 376 omnibus
824 340 1036 377 virtutibus
1074 346 1314 386 ornatorum,
1355 344 1474 378 vitam

310 403 491 440 omnibus
526 403 703 448 partibus
738 402 826 448 plus
859 402 1007 439 habere
1042 415 1197 449 semper
1231 404 1324 440 boni
1359 416 1474 450 quam

309 466 425 502 mali?
456 465 555 511 Quis
576 465 650 502 hoc
671 465 793 502 dicit?
823 465 945 502 Stoici
966 465 1121 503 scilicet
1189 467 1376 511 Minime3
1405 467 1474 504 sed

309 532 373 566 isti
402 531 476 576 ipsi
504 531 571 575 qui
603 529 808 575 voluptate
840 534 882 565 et
913 529 1049 566 dolore
1081 532 1212 566 omnia
1240 533 1474 575 metiuntur,

310 605 441 630 nonne
477 592 650 629 clamant
684 594 854 638 sapienti
889 592 976 637 plus
1012 605 1169 638 semper
1200 593 1337 631 adesse
1369 593 1473 639 quod

310 656 404 693 velit
424 669 542 701 quam
563 655 668 701 quod
689 655 813 691 nolit?
844 655 942 691 Cum
959 660 1116 692 tantum
1133 659 1254 701 igitur
1270 658 1310 693 in
1327 659 1472 694 virtute

309 724 458 765 ponant
472 721 497 755 ii
511 721 578 764 qui
591 718 770 756 fatentur
783 731 823 755 se
839 721 994 755 virtutis
1009 731 1135 764 causa,
1150 722 1223 756 nisi
1237 732 1284 757 ea
1295 719 1473 766 volupta-

309 788 390 819 tem
407 774 585 826 faceret‚¹
603 795 654 818 ne
675 795 835 818 manum
857 781 1019 827 quidem
1036 795 1212 819 versuros
1230 782 1361 828 fuisse,
1378 784 1472 829 quid

308 846 435 882 facere
458 858 527 882 nos
552 849 712 890 oportet
739 847 804 890 qui
833 847 1008 890 quamvis
1035 847 1240 883 minimam
1269 851 1470 892 praestan-

306 912 401 946 tiam
422 910 543 944 animi
567 908 749 944 omnibus
776 908 888 944 bonis
916 910 1086 953 corporis
1114 911 1266 945 anteire
1294 909 1469 946 dicamus

306 977 350 1008 ut
378 984 425 1009 ea
453 984 504 1008 ne
535 973 574 1006 111
604 975 819 1015 conspectu
851 970 1012 1015 quidem
1043 970 1341 1016 relinquantur?
1373 971 1470 1018 Quis

306 1039 364 1071 est
387 1037 493 1071 enim
514 1036 579 1078 qui
601 1033 674 1069 1100
696 1033 836 1069 cadere
858 1035 896 1069 in
918 1036 1139 1079 sapientem
1160 1033 1292 1071 dicere
1312 1035 1469 1080 audeat,

306 1103 349 1135 ut
379 1100 409 1134 si
442 1097 524 1134 fieri
557 1099 680 1142 possit
707 1099 896 1132 virtutem
922 1098 963 1132 in
990 1101 1228 1142 perpetuum
1255 1098 1398 1134 abiciat
1425 1102 1469 1135 ut

303 1160 437 1198 dolore
458 1162 565 1196 omni
592 1159 808 1196 liberetur?
850 1158 948 1204 Quis
975 1164 1153 1196 nostrum
1181 1160 1327 1197 dixerit
1353 1153 1467 1207 (quos

302 1237 380 1261 non
402 1223 528 1269 pudet
548 1236 594 1259 ea
614 1235 714 1268 quae
736 1222 857 1259 Stoici
877 1235 1016 1269 aspera
1031 1222 1169 1259 dicunt
1184 1223 1286 1260 mala
1302 1216 1466 1270 dicere),

302 1287 442 1324 melius
475 1299 560 1323 0550
592 1288 764 1331 turpiter
795 1285 943 1330 aliquid
975 1285 1105 1323 faeere
1140 1299 1230 1323 cum
1261 1286 1465 1333 voluptate

302 1364 419 1397 quam
440 1349 607 1386 honeste
629 1362 718 1385 cum
739 1348 899 1385 dolore?
958 1348 1081 1385 Nobis
1110 1349 1371 1387 Heracleotes
1397 1351 1464 1388 ille

305 1414 516 1458 Dionysius
538 1411 730 1457 flagitiose
751 1411 962 1448 descivisse
984 1411 1141 1448 videtur
1167 1425 1189 1447 a
1214 1412 1355 1450 Stoicis
1379 1427 1466 1459 pro-

302 1481 390 1522 pter
410 1475 612 1512 oculorum
633 1474 818 1511 dolorem.
880 1473 1000 1520 Quasi
1022 1488 1113 1510 vcro
1133 1474 1207 1512 1100
1228 1475 1429 1515 didicisset
1446 1491 1467 1513 a

303 1540 474 1583 Zenone,
510 1552 589 1574 non
624 1537 758 1575 dolere
793 1551 882 1574 cum
917 1537 1089 1575 doleret!
1150 1537 1254 1576 Illud
1287 1540 1467 1578 audierat

301 1616 374 1640 nec
394 1607 529 1639 tamen
546 1601 751 1646 didicerat,
768 1601 915 1637 malum
931 1600 1030 1638 illud
1045 1614 1125 1638 non
1141 1614 1225 1639 0550
1242 1605 1333 1648 quia
1348 1608 1464 1650 turpe

299 1679 378 1702 non
406 1670 524 1710 esset,
545 1670 587 1701 et
615 1657 722 1701 esse²
750 1664 958 1701 ferendum
986 1667 1086 1702 viro.
1141 1665 1221 1701 Hic
1246 1667 1278 1702 si
1307 1665 1463 1713 Peripa-

298 1731 443 1765 teticus
465 1727 616 1772 fuisset,
638 1729 932 1773 permansisset,
954 1727 1085 1772 credo,
1105 1729 1146 1763 111
1166 1731 1379 1775 sententia,
1396 1732 1461 1775 qui

297 1791 474 1829 dolorem
494 1790 641 1826 malum
663 1789 801 1826 dicunt
817 1803 917 1835 esse,
933 1789 983 1826 de
999 1793 1213 1836 asperitate
1228 1796 1363 1829 autem
1380 1795 1462 1830 eius

297 1853 453 1890 fortiter
474 1852 637 1901 ferenda
656 1855 906 1898 praecipiunt
926 1853 1081 1899 eadem,
1097 1866 1197 1899 quae
1217 1853 1349 1892 Stoici.
1411 1855 1461 1892 Et

336 1937 488 1977 ¹faceret
504 1936 716 1973 Mikkelsen,
738 1936 879 1971 Miiller5
904 1936 1031 1967 acciret
1045 1935 1106 1968 inf.
1128 1937 1243 1975 MSS„
1261 1937 1356 1969 Mdv.
1377 1938 1458 1969 with

299 1979 401 2011 mark
418 1980 458 2010 of
470 1979 671 2019 corruption
688 1990 695 2014 3
720 1979 896 2019 voluptate
913 1982 1061 2010 maceret
1077 1979 1116 2017 B,
1134 1979 1171 2011 E.

341 2024 432 2054 ²esse
449 2022 641 2059 Manutius,
662 2021 772 2059 Mdv„
791 2024 877 2052 esset
894 2021 993 2052 MSS.

403 2076 480 2113 498
