1574 2364
229 357 273 389 51

615 144 811 181 CICERO
845 144 917 180 DE
949 145 1167 182 FINIBUS

308 226 473 270 scilicet,
494 238 574 261 non
603 229 729 268 tuum,
751 215 1006 269 ‘gloriatione
1027 225 1189 270 dignam
1211 238 1295 262 esse
1317 225 1474 261 beatam

310 292 446 334 vitam,
468 288 574 333 quod
595 300 675 324 non
696 290 819 333 possit
839 290 923 324 sine
939 287 1150 324 honestate
1168 291 1414 333 contingere,
1432 292 1478 324 ut

308 355 392 388 iure
409 354 615 397 quisquam
628 350 844 395 glorietur.’
856 341 871 365 ¹
903 350 1025 387 Dabit
1040 350 1114 387 hoc
1131 351 1280 388 Zenoni
1298 351 1477 394 Polemo;

311 418 433 452 etiam
463 416 653 458 magister
684 415 767 449 eius
795 417 836 449 et
863 417 948 449 tota
974 413 1040 449 illa
1066 427 1166 459 gens
1187 419 1229 450 et
1249 413 1389 459 reliqui
1410 416 1475 458 qui

308 481 499 514 virtutem
521 476 702 512 omnibus
730 476 847 512 rebus
871 475 998 512 multo
1024 481 1317 522 anteponentes
1337 476 1475 513 adiun-

307 545 409 586 gunt
437 543 472 577 ei
502 545 637 576 tamen
664 539 812 584 aliquid
840 552 993 575 summo
1019 542 1060 576 in
1088 540 1191 576 bono
1219 539 1415 584 finiend03
1445 541 1476 576 si

312 606 418 640 enim
440 606 563 639 virtus
585 602 705 646 digna
727 607 787 638 est
807 602 1057 648 gloriatione,
1079 608 1123 640 ut
1144 608 1218 647 est,
1239 607 1476 647 tantumque

309 670 487 711 praestat
512 665 674 710 reliquis
703 665 819 701 rebus
847 670 891 701 ut
916 665 993 701 dici
1021 668 1084 702 vix
1112 669 1247 712 possit,
1270 671 1311 702 et
1338 666 1476 701 beatus

309 742 395 766 esse
417 731 567 774 poterit
587 731 734 765 virtute
757 742 834 764 una
854 728 1057 774 praeditus
1078 742 1214 766 carens
1231 731 1385 773 ceteris,
1402 742 1476 765 nec

314 798 447 829 tamen
468 792 567 828 illud
592 792 662 828 tibi
691 791 898 836 concedet,
920 797 1077 837 praeter
1104 795 1292 829 virtutem
1316 791 1415 828 nihil
1436 794 1477 828 in

315 857 426 892 bonis
448 869 532 892 esse
555 855 794 891 ducendum.
856 855 917 890 Illi
948 860 1082 893 autem
1111 856 1253 901 quibus
1281 868 1477 892 summum

312 920 458 955 bonum
488 922 572 955 sine
601 921 747 954 virtute
778 923 851 963 est,
874 932 952 954 non
982 919 1135 956 dabunt
1164 919 1327 956 fortasse
1357 921 1477 955 vitam

309 983 467 1019 beatam
495 982 641 1018 habere
670 985 710 1017 in
738 995 816 1026 quo
844 984 967 1027 possit
994 985 1078 1019 iure
1105 982 1284 1027 gloriari;
1314 985 1389 1019 etsi
1419 982 1475 1018 illi

308 1046 471 1090 quidem
493 1048 613 1081 etiam
634 1045 860 1090 voluptates
880 1045 1033 1082 faciunt
1053 1045 1256 1082 interdum
1276 1046 1473 1091 gloriosas.

364 1108 472 1144 XIX.
506 1099 660 1144 “Vides
690 1111 811 1152 igitur
840 1113 881 1144 te
911 1113 980 1145 aut
1010 1122 1055 1145 ea
1084 1122 1239 1146 sumere
1269 1122 1369 1154 quae
1399 1122 1478 1145 non

310 1171 580 1208 concedantur
612 1176 680 1207 aut
715 1184 761 1207 ea
795 1184 896 1216 quae
931 1174 1051 1208 etiam
1086 1185 1270 1209 concessa
1303 1177 1345 1208 te
1379 1171 1477 1207 nihil

309 1238 457 1271 iuvent.
519 1234 717 1279 Equidem
749 1237 789 1270 in
825 1235 1007 1282 omnibus
1041 1238 1126 1272 istis
1161 1235 1476 1272 conclusionibus

309 1297 384 1334 hoc
405 1302 586 1343 putarem
607 1297 854 1343 philosophia
874 1298 1066 1343 nobisque
1087 1298 1265 1343 dignum,
1288 1303 1329 1335 et
1355 1301 1476 1334 maxi-

309 1374 373 1397 me
388 1374 476 1397 cum
490 1373 688 1397 summum
701 1361 848 1396 boumn
858 1374 1149 1405 quaerercmus,
1159 1364 1279 1398 vitam
1289 1367 1476 1406 nostram,

310 1424 484 1468 consilia,
506 1423 745 1468 voluntates,
767 1436 847 1460 non
879 1424 998 1460 verba
1029 1427 1180 1469 corrigi.
1241 1424 1340 1470 Quis
1371 1428 1477 1462 enim

311 1492 445 1533 potest
483 1489 568 1523 istis
603 1499 703 1531 quae
734 1491 776 1523 te
810 1491 856 1522 ut
886 1489 942 1523 ais
974 1486 1180 1523 delectant
1214 1488 1396 1525 brevibus
1435 1494 1478 1525 et

309 1551 435 1585 acutis
466 1548 611 1585 auditis
646 1548 696 1584 de
736 1551 937 1585 sententia
975 1543 1211 1585 decedere?
1253 1549 1355 1586 Nam
1387 1563 1476 1586 cum

311 1616 547 1657 exspectant
568 1616 609 1647 et
629 1616 749 1647 avent
768 1611 904 1647 audire
926 1624 994 1648 cur
1014 1612 1125 1648 dolor
1144 1612 1291 1649 malum
1311 1625 1391 1649 non
1412 1616 1475 1658 sit,

310 1674 449 1711 dicunt
475 1674 532 1710 illi
561 1687 743 1720 asperum
764 1688 849 1711 esse
876 1674 1024 1720 dolere,
1039 1675 1264 1721 molestum,
1285 1676 1476 1721 odiosum,

311 1743 448 1774 contra
471 1742 666 1781 naturam,
687 1737 843 1774 difficile
865 1738 1050 1783 toleratu,
1070 1738 1138 1775 sed
1170 1741 1260 1784 quia
1289 1739 1397 1775 nulla
1426 1742 1477 1776 sit

310 1802 351 1836 in
377 1800 512 1836 dolore
539 1813 614 1836 nec
642 1799 747 1836 fraus
774 1813 848 1837 nec
875 1801 1105 1847 improbitas
1132 1814 1206 1838 nec
1232 1801 1382 1839 malitia
1401 1815 1476 1839 nec

413 1912 424 1931 ¹
440 1913 692 1954 ut—glorietur
707 1913 889 1945 Manutius
908 1913 1034 1956 rejects
1051 1925 1092 1946 as
1109 1915 1356 1956 interpolated.

350 2043 451 2074 aviz.
471 2043 548 2074 that
564 2043 646 2084 only
664 2043 760 2074 what
777 2043 805 2074 is
823 2044 934 2075 moral
951 2044 980 2075 is
997 2055 1018 2075 a
1035 2044 1138 2085 thing
1155 2049 1190 2076 to
1207 2044 1248 2076 be
1265 2044 1377 2085 proud
1393 2044 1438 2076 of.

416 2093 493 2131 356

1567 1949 1571 1962 Α
1568 1924 1571 1933 ⁴
1567 1550 1574 1907 ..-—-,„....———-.
1570 1470 1574 1537 -.,
1569 1261 1574 1446 --.--..—...-..
1570 1140 1574 1250 .„.„—
1571 1063 1574 1116 —
