1574 2364
641 120 836 158 CICERO
867 120 940 157 DE
971 120 1190 159 FINIBUS

335 203 517 247 cognosci
551 204 704 246 potest3
744 200 1090 246 progredientibus
1128 206 1261 238 autem
1301 203 1497 240 aetatibus

333 267 478 301 sensim
488 263 651 300 tardeve
663 265 795 309 potius
808 266 915 308 quasi
929 269 1085 301 nosmet
1098 267 1201 310 ipsos
1214 267 1494 310 cognoscimus.

337 327 475 372 Itaque
496 329 621 372 prima
648 325 714 362 illa
741 326 1032 363 commendatio
1053 340 1152 372 quae
1173 340 1194 363 a
1214 333 1351 364 natura
1374 330 1496 364 nostri

334 389 437 426 facta
471 394 533 426 est
567 390 680 425 nobis
713 391 866 426 incerta
897 394 939 426 et
970 389 1134 426 obscura
1165 395 1238 434 est,
1270 393 1497 436 primusque

335 456 538 498 appetitus
575 452 643 488 ille
681 454 802 488 animi
840 457 999 488 tantum
1036 456 1120 498 agit
1157 458 1203 490 ut
1241 453 1337 490 salvi
1379 459 1498 499 atque

335 518 481 560 integri
512 527 597 551 esse
626 517 837 560 possimus3
869 528 958 550 cum
985 520 1120 551 autem
1148 515 1342 561 dispicere
1369 519 1498 562 coepi-

334 591 421 614 mus
437 570 453 593 ¹
473 583 515 614 et
535 580 682 614 sentire
704 577 799 622 quid
820 580 939 614 simus
962 582 1003 614 et
1023 578 1117 623 quid
1137 571 1210 614 ab²
1233 580 1499 616 animantibus

335 643 477 677 ceteris
497 640 733 685 differamus,
754 645 840 676 tum
868 653 913 676 ea
940 643 1050 685 sequi
1078 643 1286 686 incipimus
1317 642 1366 678 ad
1398 655 1498 688 quae

335 708 417 741 nati
438 717 581 741 sumus.
620 703 749 749 Quam
770 703 1071 740 similitudinem
1092 704 1270 741 videmus
1289 707 1331 741 in
1351 706 1498 752 bestiis,

336 781 435 813 quae
461 770 586 814 primo
618 769 659 803 in
690 780 767 813 quo
798 767 884 803 loco
916 772 1032 803 natae
1065 773 1158 804 sunt
1189 781 1237 805 ex
1269 782 1316 805 eo
1347 782 1387 806 se
1418 782 1497 806 non

336 831 606 869 commovent3
634 825 779 862 deinde
808 838 876 862 suo
897 838 1076 871 quaeque
1097 829 1277 871 appetitu
1298 833 1498 873 movetur;

336 897 494 930 serpere
514 884 756 929 anguiculos,
777 897 871 920 nare
891 884 1119 930 anaticulas,
1141 885 1295 922 evolare
1315 887 1496 933 merulas,

336 943 519 979 cornibus
557 946 616 979 uti
655 943 833 979 videmus
871 943 1003 987 boves,
1038 956 1160 988 nepas
1194 944 1352 990 aculeis,
1387 958 1497 982 suain

336 1002 508 1046 denique
537 1004 678 1046 cuique
704 1005 887 1037 naturam
914 1014 998 1037 esse
1025 1001 1075 1037 ad
1102 1002 1315 1039 vivendum
1341 1004 1494 1041 ducem.

337 1060 448 1105 Quae
476 1059 692 1096 similitudo
718 1062 759 1095 in
785 1072 933 1103 genere
966 1062 1086 1096 etiarn
1117 1060 1290 1097 humano
1320 1068 1494 1107 apparet.

338 1119 448 1154 Parvi
476 1121 582 1154 enim
608 1120 735 1163 primo
762 1123 849 1153 ortu
875 1120 929 1153 sic
950 1120 1094 1163 iacent,
1115 1123 1317 1164 tamquam
1337 1124 1496 1157 omnino

335 1180 419 1213 sine
439 1179 570 1212 animo
590 1179 668 1212 sint
680 1189 688 1219 3
709 1189 798 1212 cum
817 1181 952 1212 autem
972 1176 1132 1221 paulum
1153 1177 1347 1215 firmitatis
1366 1192 1495 1216 acces-

336 1230 416 1279 sit,3
447 1240 488 1271 et
520 1237 651 1270 animo
685 1239 852 1270 utuntur
887 1239 929 1271 et
962 1236 1153 1280 sensibus,
1188 1239 1496 1283 conitunturque

335 1306 420 1329 sese
447 1298 492 1329 ut
519 1296 686 1337 erigant,
715 1297 756 1328 et
787 1293 966 1329 manibus
998 1298 1177 1339 utuntur,
1205 1300 1247 1331 et
1278 1308 1344 1332 eos
1374 1309 1494 1341 agno-

335 1356 451 1388 scunt
471 1365 492 1387 a
518 1351 658 1396 quibus
687 1350 924 1393 educantur;
955 1350 1100 1388 deinde
1129 1353 1358 1398 aequalibus
1386 1354 1494 1391 dele-

335 1414 494 1447 ctantur
513 1409 764 1454 libenterque
791 1422 832 1445 se
861 1422 949 1445 cuni
977 1412 1022 1445 iis
1052 1417 1298 1456 congregant
1319 1412 1494 1458 dantque

334 1481 375 1505 se
396 1467 446 1504 ad
466 1467 685 1504 ludendum
712 1467 1025 1513 fabellarumque
1051 1468 1254 1506 auditione
1282 1470 1493 1517 ducuntur,

335 1527 464 1572 deque
492 1539 539 1562 eo
565 1525 671 1570 quod
697 1528 790 1571 ipsis
817 1530 976 1571 superat
1003 1525 1086 1563 aliis
1106 1527 1316 1572 gratificari
1342 1529 1493 1574 volunt,

333 1584 734 1629 animadvertuntque
777 1596 823 1620 ea
865 1597 964 1629 quae
1007 1584 1113 1621 domi
1155 1585 1256 1622 fiunt
1293 1590 1492 1631 curiosius,

333 1646 608 1688 incipiuntque
625 1645 882 1678 commentari
898 1642 1047 1688 aliquid
1063 1648 1104 1679 et
1120 1643 1284 1690 discere,
1301 1650 1343 1682 et
1358 1658 1492 1683 eorum

335 1714 431 1748 quos
457 1701 596 1737 vident
622 1700 761 1737 volunt
780 1714 860 1737 non
880 1704 1060 1745 ignorare
1081 1705 1252 1748 nomina,
1275 1704 1494 1749 quibusque

334 1761 451 1797 rebus
471 1772 560 1796 cum
580 1758 808 1804 aequalibus
829 1759 1038 1796 decertant
1058 1763 1091 1796 si
1117 1763 1297 1798 vicerunt
1324 1762 1493 1800 efferunt

332 1831 374 1855 se
393 1818 559 1862 laetitia,
587 1819 682 1853 victi
708 1816 969 1853 debilitantur
995 1820 1224 1864 animosque
1251 1819 1491 1864 demittunt3

374 1880 386 1899 ¹
399 1881 570 1922 coepimus
587 1879 684 1911 Mdv.
703 1880 785 1911 with
800 1891 896 1911 some
912 1881 1012 1911 MSS.
1029 1881 1097 1922 (cp.
1113 1892 1154 1923 42
1167 1883 1332 1924 accessit),
1352 1884 1495 1926 coeperi-

334 1924 573 1997 mgfzffadided
589 1965 634 2006 by
652 1964 730 1996 edd.

377 2009 542 2041 ³accessit
556 2009 653 2042 Mdv.
673 2009 754 2039 with
775 2009 801 2039 B
819 2009 892 2040 and
910 2009 950 2047 E,
971 2010 1029 2041 inf.
1052 2011 1151 2042 MSS.
1174 2012 1362 2045 accesserit.

439 2064 516 2096 440
