1574 2364
171 214 220 248 45

175 1156 224 1195 46

148 1690 234 1726 ⁴47

555 136 750 174 CICERO
782 136 856 173 DE
886 136 1106 175 FINIBUS

307 210 414 247 XIV.
447 200 474 218 “
487 209 545 247 Ut
566 211 672 245 enim
692 209 923 245 obscuratur
939 214 980 246 et
996 210 1213 248 offunditur
1226 211 1315 249 luce
1331 213 1420 251 solis

252 274 388 311 lumen
406 273 606 317 lucernae,
628 276 670 308 et
689 276 735 308 ut
755 274 895 308 interit
914 265 978 308 in1
1003 274 1280 319 magnitudine
1305 279 1420 313 maris

253 338 404 382 Aegaei
434 336 540 373 stilla
569 334 698 371 mellis
727 340 770 371 et
797 340 844 371 ut
872 338 913 371 in
943 335 1089 373 divitiis
1111 337 1243 375 Croesi
1267 342 1421 376 terunci

254 401 426 436 accessio
446 403 488 435 et
516 397 660 443 gradus
691 410 791 434 unus
821 400 861 433 in
892 410 939 434 ea
966 401 1028 434 via
1057 412 1157 445 quae
1188 405 1249 437 est
1268 400 1361 438 hinc
1381 404 1423 438 in

256 463 422 507 Indiam,
453 464 520 506 sic,
551 473 641 497 cum
670 463 722 497 sit
750 463 782 497 is
811 461 1003 497 bonorum
1032 461 1119 499 finis
1148 475 1267 508 quem
1301 464 1423 501 Stoici

253 526 405 570 dicunt,
440 527 566 561 omnis
604 526 679 560 ista
717 536 848 560 rerum
887 537 1161 569 corporearum
1200 529 1423 564 aestimatio

253 588 464 634 splendore
486 589 641 623 virtutis
663 591 705 623 et
724 587 1001 631 magnitudine
1028 588 1260 625 obscuretur
1288 595 1329 626 et
1355 591 1423 626 ob·

254 657 389 688 ruatur
418 656 537 696 atque
568 653 741 686 intereat
768 662 929 686 necesse
957 654 1028 688 est.
1089 650 1142 688 Et
1168 653 1424 696 quemadmo-

253 715 349 752 dum
386 716 662 760 opportunitas
697 704 770 756 (sic
805 715 912 749 enim
941 712 1187 759 appellemus
1218 709 1424 760 εὐκαιρίαν)

255 791 334 815 non
366 777 411 813 fit
441 780 564 813 maior
598 775 859 821 productione
890 779 1080 822 temporis
1114 768 1284 821 (habent
1318 781 1423 815 enim

255 854 368 878 suum
397 839 559 876 modum
589 851 690 885 quae
724 843 946 884 opportuna
979 832 1197 885 dicuntur),
1228 843 1283 877 sic
1316 847 1424 878 recta

254 904 409 941 effectio
424 894 679 948 (κατόρθωσιν
695 904 801 938 enim
816 904 871 938 ita
886 902 1055 948 appello,
1072 906 1257 948 quoniam
1271 910 1425 942 rectum

256 968 403 1004 factum
434 956 685 1010 κατόρθωμα),
714 970 823 1001 recta
851 967 974 1010 igitur
1003 964 1171 1011 effectio,
1203 969 1301 1003 item
1332 980 1423 1004 con·

255 1032 468 1074 venientia,
490 1029 663 1074 denique
683 1030 812 1073 ipsum
831 1028 992 1073 bonum,
1010 1028 1115 1074 quod
1131 1032 1171 1065 in
1188 1042 1235 1066 eo
1250 1033 1422 1076 positum

255 1099 316 1131 est
352 1098 398 1129 ut
437 1097 600 1128 naturae
640 1093 876 1136 consentiat,
915 1092 1119 1128 crescendi
1157 1096 1421 1131 accessionem

254 1157 403 1193 nullam
430 1156 562 1192 habet.
624 1154 681 1192 Ut
707 1156 814 1191 enim
840 1158 1115 1200 opportunitas
1140 1155 1219 1201 illa,
1243 1158 1297 1192 sic
1324 1156 1422 1194 haec

255 1220 306 1257 de
344 1219 485 1264 quibus
525 1218 619 1263 dixi,
658 1230 739 1253 non
777 1216 879 1253 fiunt
924 1221 1115 1263 temporis
1163 1218 1422 1264 productione

254 1285 409 1320 maiora.
449 1281 513 1318 Ob
531 1293 696 1326 eamque
713 1292 869 1317 causam
886 1280 1028 1318 Stoicis
1044 1293 1123 1317 non
1140 1281 1298 1318 videtur
1313 1287 1423 1328 opta-

255 1341 369 1378 bilior
398 1352 472 1376 nec
502 1342 627 1384 magis
657 1338 884 1384 expetenda
911 1339 1029 1375 beata
1057 1342 1138 1375 vita
1167 1342 1198 1376 si
1227 1343 1279 1377 sit
1307 1340 1424 1385 longa

254 1412 372 1445 quam
399 1401 430 1435 si
458 1398 608 1441 brevis;
638 1401 885 1442 utunturque
912 1397 1054 1433 simili:
1086 1396 1155 1443 Ut,
1183 1400 1213 1434 si
1241 1397 1423 1434 cothurni

254 1459 337 1495 laus
357 1457 423 1494 illa
445 1461 563 1502 esset,
578 1455 628 1492 ad
648 1455 794 1501 pedem
809 1460 902 1501 apte
919 1458 1144 1501 convenire,
1160 1469 1290 1501 neque
1307 1456 1421 1493 multi

255 1516 439 1553 cothurni
459 1517 592 1561 paucis
612 1519 956 1559 anteponerentur
975 1527 1050 1551 nec
1071 1517 1236 1551 maiores
1260 1517 1420 1551 minori-

255 1576 339 1620 bus,
372 1576 440 1619 sic,
470 1586 636 1618 quorum
666 1585 783 1608 omne
813 1573 961 1608 bonum
991 1575 1269 1609 convenientia
1299 1578 1420 1618 atque

257 1629 557 1676 opportunitate
578 1626 725 1671 finitur,
741 1638 816 1663 nec
837 1624 949 1675 plura
969 1625 1217 1674 paucioribus
1237 1637 1311 1662 nec
1330 1625 1416 1661 lon-

257 1691 464 1738 ginquiora
479 1688 720 1725 brevioribus
733 1684 1061 1735 anteponentur.²
1117 1686 1202 1723 Nec
1217 1699 1308 1723 vero
1320 1689 1414 1723 satis

256 1755 372 1786 acute
393 1749 556 1786 dicunt:
585 1748 626 1785 Si
646 1748 750 1784 bona
769 1747 956 1784 valetudo
968 1747 1091 1796 pluris
1104 1747 1349 1784 aestimanda
1363 1750 1416 1784 sit

257 1812 375 1859 longa
385 1823 503 1860 quam
511 1810 651 1854 brevis,
663 1811 882 1858 sapientiae
894 1820 1050 1857 quoque
1059 1820 1151 1844 usus
1164 1808 1415 1857 longissimus

258 1875 424 1922 quisque
461 1874 513 1908 sit
550 1870 723 1919 plurimi.
785 1869 875 1905 Non
904 1868 1148 1918 intellegunt
1177 1868 1414 1907 valetudinis

433 1971 446 1991 ¹
469 1972 508 2003 in
525 1971 683 2001 inserted
700 1971 748 2009 by
765 1969 886 2005 Halm,
905 1970 1004 2001 Mdv.

431 2014 443 2033 ²
467 2016 715 2055 anteponentur
731 2012 849 2049 MSS.;
877 2014 1082 2052 anteponent
1098 2012 1197 2044 Mdv.

366 2058 444 2096 264
