1574 2364
233 385 281 416 45

622 161 817 198 CICERO
849 162 922 198 DE
954 162 1173 200 FINIBUS

314 239 363 275 ad
402 242 531 275 omnia
570 245 650 284 tua,
685 240 896 285 Torquate,
931 244 1005 278 nisi
1043 245 1231 279 memoria
1266 242 1368 279 forte
1411 243 1479 280 de-

314 310 463 347 fecerit.

368 372 631 418 “Honestum
646 384 766 427 igitur
786 383 825 419 id
846 383 1116 428 intellegimus
1133 384 1237 429 quod
1259 384 1337 421 tale
1356 389 1416 421 est
1437 389 1481 421 ut

313 451 492 488 detracta
512 455 618 488 omni
640 453 814 490 utilitate
831 456 915 490 sine
932 454 1021 491 ullis
1037 458 1219 500 praemiis
1238 455 1478 492 fructibusve

314 536 383 569 per
409 537 450 560 se
478 526 605 569 ipsum
636 527 758 569 possit
787 527 870 561 iure
900 525 1060 562 laudari.
1123 525 1240 571 Quod
1271 526 1386 572 quale
1414 529 1477 575 sit,

313 608 392 630 non
420 600 501 631 tarn
529 595 775 641 definitione,
796 609 872 641 qua
899 609 984 633 sum
1012 610 1116 642 usus,
1137 597 1318 642 intellegi
1345 602 1478 643 potest

313 657 568 711 (quamquam
589 666 835 711 aliquantum
857 660 1006 712 potest)
1028 681 1145 713 quam
1169 671 1367 704 communi
1395 681 1476 704 om-

313 739 421 772 nium
443 737 587 773 iudicio
609 742 650 774 et
670 740 809 782 optimi
831 741 1018 783 cuiusque
1040 739 1179 775 studiis
1203 744 1323 784 atque
1349 739 1477 784 factis,

313 810 378 853 qui
413 808 610 852 permulta
645 809 695 844 ob
730 822 817 845 eam
856 822 975 845 unam
1010 823 1166 846 causam
1201 810 1352 846 faciunt
1387 812 1477 855 quia

312 878 443 923 decet,
464 881 554 923 quia
575 884 742 924 rectum,
764 882 853 924 quia
880 879 1092 916 honestum
1121 885 1193 925 est,
1223 883 1296 917 etsi
1324 881 1477 917 nullum

313 955 617 986 consecuturum
684 950 997 987 emolumentum
1054 951 1201 988 vident.
1282 952 1477 988 Homines

313 1024 431 1065 enirn,
467 1024 542 1057 etsi
576 1021 660 1057 aliis
694 1021 842 1065 multis,
878 1027 1012 1058 tamen
1044 1022 1117 1058 hoc
1152 1036 1230 1058 uno
1264 1023 1476 1068 plurimum

312 1106 334 1128 a
364 1093 501 1128 bestiis
529 1092 718 1128 differunt
745 1092 849 1137 quod
878 1095 1071 1129 rationem
1100 1093 1251 1130 habent
1285 1107 1307 1129 a
1336 1099 1476 1130 natura

312 1163 445 1199 datam
500 1168 757 1208 mentemque
812 1177 942 1200 acrem
997 1169 1039 1201 et
1092 1167 1295 1210 vigentem
1353 1165 1475 1201 celer-

312 1233 489 1274 rimeque
524 1229 649 1264 multa
683 1230 796 1265 simul
832 1233 1052 1275 agitantem
1087 1236 1140 1275 et,
1173 1236 1218 1267 ut
1248 1234 1303 1267 ita
1334 1230 1476 1276 dicam,

312 1309 505 1342 sagacem,
538 1308 637 1340 quae
677 1301 719 1331 et
757 1309 890 1332 causas
930 1309 1060 1332 rerum
1100 1302 1141 1333 et
1177 1300 1476 1334 consecutiones

312 1363 445 1399 videat
471 1367 512 1398 et
540 1361 818 1398 similitudines
848 1362 1061 1398 transferat
1091 1367 1132 1399 et
1162 1362 1359 1399 disiuncta
1386 1377 1477 1400 con-

313 1434 451 1474 iungat
490 1434 531 1465 et
574 1442 663 1464 cum
705 1430 979 1473 praesentibus
1023 1429 1155 1465 futura
1195 1430 1356 1475 copulet
1396 1443 1477 1466 om-

312 1509 483 1541 nemque
522 1494 809 1540 complectatur
847 1498 950 1531 vitae
990 1498 1270 1540 consequentis
1312 1501 1470 1532 statum.

312 1563 542 1607 Eademque
563 1564 662 1597 ratio
692 1561 787 1598 fecit
816 1560 1018 1597 hominem
1047 1561 1251 1598 hominum
1281 1567 1473 1607 appeten-

311 1636 393 1667 tem
414 1642 581 1673 cumque
603 1631 648 1664 iis
669 1633 808 1664 natura
828 1632 870 1664 et
890 1640 1070 1664 sermone
1092 1633 1133 1664 et
1152 1641 1224 1664 usu
1253 1642 1473 1679 congruen-

310 1703 406 1741 tem,
422 1701 467 1731 ut
487 1695 687 1740 profectus
707 1708 729 1730 a
750 1697 913 1730 caritate
930 1694 1236 1731 domesticorum
1253 1708 1297 1731 ac
1315 1708 1472 1731 suorum

309 1767 441 1808 serpat
460 1761 615 1805 longius
637 1766 678 1796 et
698 1774 738 1797 se
760 1760 937 1805 implicet
958 1763 1127 1805 primum
1148 1764 1304 1805 civium,
1327 1761 1473 1798 deinde

308 1831 483 1867 omnium
503 1827 728 1863 mortalium
749 1829 939 1863 societate
959 1832 1092 1872 atque,
1113 1832 1159 1863 ut
1180 1826 1230 1863 ad
1252 1827 1472 1872 Archytam

307 1898 461 1941 scripsit
483 1894 607 1938 Plato,
627 1907 706 1929 non
731 1894 803 1929 sibi
831 1906 871 1929 se
899 1893 969 1929 soli
994 1898 1132 1929 natum
1152 1896 1379 1930 meminerit
1401 1893 1472 1929 sed

306 1965 468 2010 patriae,
489 1961 559 1998 sed
579 1963 669 2005 suis,
690 1965 735 1996 ut
759 1962 974 2004 perexigua
998 1973 1085 2005 pars
1110 1963 1182 2005 ipsi
1208 1960 1464 2005 relinquatur.

687 2051 704 2068 ὃ
716 2047 829 2084 Plato,
846 2047 980 2088 Epistle
997 2047 1042 2079 ix.

416 2104 490 2137 13⁶2
