1574 2364
204 650 253 688 56

585 140 780 177 CICERO
812 139 885 176 DE
916 140 1136 178 FINIBUS

278 233 483 256 nummum
499 211 666 255 nullum1
682 222 891 264 attigisset.
937 220 1043 256 Num
1059 222 1180 265 igitur
1196 233 1285 256 eum
1306 224 1442 265 postea

279 288 415 310 censes
431 277 546 309 anxio
563 277 693 309 animo
709 279 777 310 aut
793 274 962 310 sollicito
977 274 1097 311 fuisse
1113 275 1126 310 ἲ
1176 274 1285 310 Nihil
1301 277 1444 318 minus,

280 342 494 381 contraque
511 337 576 372 illa
592 336 817 373 hereditate
834 337 942 373 dives
959 338 1008 373 ob
1025 350 1190 383 eamque
1206 350 1290 373 rem
1304 337 1443 373 laetus.

282 400 417 444 Magni
454 402 559 435 enim
593 400 828 436 aestimabat
863 403 1072 445 pecuniam
1107 413 1187 436 non
1218 400 1335 436 modo
1366 412 1444 436 non

281 467 417 498 contra
436 462 545 506 leges
567 461 636 498 sed
658 464 777 498 etiam
798 462 952 506 legibus
969 467 1146 508 partam3
1167 476 1267 507 quae
1284 462 1445 508 quidem

282 525 342 561 vel
382 538 471 561 cum
510 524 683 570 periculo
718 530 778 561 est
813 525 1040 570 quaerenda
1073 526 1205 569 vobis;
1245 530 1306 562 est
1340 527 1446 561 enim

283 588 457 624 effectrix
478 587 691 623 multarum
711 593 752 624 et
773 601 1003 633 magnarum
1023 588 1281 633 voluptatum.

338 642 361 657 ‘¹
374 651 429 687 Ut
446 653 566 695 igitur
586 650 662 686 illis
683 653 761 695 qui,
783 656 891 686 recta
912 656 953 687 et
973 651 1140 687 honesta
1160 664 1259 696 quae
1280 655 1385 695 sunt,
1403 664 1448 687 ea

283 718 465 750 statuunt
485 726 555 758 per
575 727 614 749 se
636 713 874 758 expetenda,
895 713 1077 750 adeunda
1098 719 1189 750 sunt
1209 727 1326 759 saepe
1347 716 1449 758 peri-

284 777 371 813 cula
386 776 537 812 decoris
550 776 847 821 honestatisque
863 790 989 821 causa,
1003 779 1056 813 sic
1073 779 1224 821 vestris,
1238 779 1305 822 qui
1318 779 1448 812 omnia

284 835 487 879 voluptate
508 837 740 878 metiuntur,
757 834 931 879 pericula
946 834 1128 870 adeunda
1149 839 1241 871 sunt
1260 839 1305 870 ut
1325 834 1448 880 adipi-

285 897 443 929 scantur
472 905 634 936 magnas
664 892 896 937 voluptates.
958 892 998 929 Si
1032 906 1174 937 magna
1204 905 1276 937 res,
1305 905 1448 938 magna

285 951 485 987 hereditas
505 955 657 994 agetur,
678 963 767 986 cum
798 953 965 994 pecunia
993 950 1216 995 voluptates
1246 953 1448 996 pariantur

285 1009 489 1055 plurimae}
522 1008 628 1044 idem
663 1011 737 1044 erit
774 1008 941 1053 Epicuro
975 1013 1105 1044 vestro
1140 1008 1379 1051 faciendum,
1414 1013 1444 1045 si

286 1081 398 1104 suum
437 1067 555 1102 finem
593 1067 784 1102 bonorum
823 1069 933 1111 sequi
967 1066 1085 1110 volet,
1120 1066 1225 1111 quod
1260 1067 1446 1112 Scipioni,

286 1139 429 1171 magna
457 1125 580 1169 gloria
609 1127 807 1170 proposita
837 1127 867 1160 si
900 1124 1167 1160 Hannibalem
1198 1127 1238 1160 in
1268 1124 1443 1160 Africam

286 1186 524 1221 retraxisset.
585 1182 724 1227 Itaque
745 1187 937 1227 quantum
957 1182 1055 1218 adiit
1081 1182 1321 1227 periculum!
1381 1182 1445 1218 Ad

286 1243 537 1278 honestatem
564 1243 669 1277 enim
700 1240 810 1276 illum
841 1254 1000 1276 omnem
1031 1245 1215 1276 conatum
1244 1253 1356 1277 suum
1386 1253 1447 1276 re-

287 1301 454 1344 ferebat,
488 1312 567 1335 non
605 1298 653 1334 ad
693 1298 948 1343 voluptatem.
1010 1299 1072 1335 Sic
1111 1304 1241 1335 vester
1279 1301 1447 1344 sapiens,

288 1372 431 1403 magno
462 1357 591 1402 aliquo
623 1356 891 1393 emolumento
923 1361 1152 1401 commotus,
1183 1370 1271 1393 cum
1304 1348 1449 1401 causa,2

289 1421 319 1454 si
340 1430 436 1462 opus
464 1419 551 1460 erit,
573 1415 785 1451 dimicabit.
847 1415 1059 1451 Occultum
1086 1414 1237 1451 facinus
1265 1428 1349 1451 esse
1377 1427 1445 1460 po-

288 1478 423 1519 tuerit,
442 1473 656 1519 gaudebit3
686 1472 955 1518 deprehensus
980 1485 1137 1508 omnem
1161 1485 1329 1517 poenam
1354 1486 1445 1509 con·

287 1538 453 1570 temnet.
486 1532 571 1567 Erit
587 1534 692 1567 enim
709 1534 922 1567 instructus
937 1530 987 1566 ad
1002 1535 1170 1566 mortem
1187 1535 1444 1566 contemnen-

287 1593 390 1635 dam,
417 1591 466 1626 ad
497 1590 669 1633 exilium,
696 1589 746 1625 ad
775 1591 902 1633 ipsum
932 1591 1051 1625 etiam
1080 1588 1266 1624 dolorem.
1313 1588 1443 1632 Quem

287 1649 447 1695 quidem
468 1662 533 1684 vos
555 1661 641 1683 cum
669 1647 855 1692 improbis
882 1659 1050 1692 poenam
1076 1649 1293 1691 proponitis
1320 1649 1442 1691 impe-

287 1707 439 1744 tibilem
475 1706 614 1750 facitis,
650 1719 738 1741 cum
778 1707 998 1750 sapientem
1037 1717 1193 1749 semper
1231 1705 1323 1740 boni
1357 1704 1443 1749 plus

285 1765 430 1801 habere
453 1764 569 1800 vultis
589 1763 846 1799 tolerabilem.

338 1822 488 1858 XVIII.
513 1813 536 1828 “
550 1821 629 1858 Sed
646 1822 749 1866 finge
764 1834 843 1855 non
857 1820 982 1856 solum
996 1820 1180 1856 callidum
1195 1833 1284 1856 eum
1298 1822 1363 1864 qui
1377 1820 1445 1856 ali-

326 1893 336 1912 ¹
348 1904 531 1924 nummum
550 1893 684 1923 nullum
697 1902 713 1929 ,·
731 1902 827 1922 some
845 1891 903 1922 inf.
925 1891 1026 1922 MSS.
1047 1902 1089 1922 ne
1105 1902 1287 1921 nummum
1305 1891 1441 1931 quidem

286 1949 429 2004 un²uc⁷ZJn
446 1982 551 2003 causa
566 1972 665 2003 Mdv.
680 1972 801 2003 marks
814 1982 852 2002 as
866 1975 1023 2012 corrupt,
1037 1971 1110 2002 and
1121 1971 1343 2017 conjectures
1353 1980 1430 2002 cum

268 2016 378 2048 amico
392 2025 405 2050 ,·
426 2016 539 2047 cicuta
555 2014 716 2046 Schiche.
763 2014 833 2045 Ins.
851 2014 949 2044 MSS.
967 2014 1059 2046 have
1076 2013 1188 2044 animz
1204 2022 1319 2045 causa.

391 2059 466 2098 144
