1574 2364
602 151 797 189 CICERO
828 151 902 188 DE
932 151 1152 190 FINIBUS

295 236 357 269 est
375 231 442 269 illa
461 231 623 277 quidem
643 230 856 277 depravata
875 231 978 268 mala
997 231 1217 278 disciplina,
1233 230 1302 268 sed
1318 235 1456 268 natura

295 303 373 327 sua.
434 290 519 327 Nec
540 302 632 326 vero
651 294 697 326 ut
716 289 962 335 voluptatem
983 294 1146 335 expetat
1166 295 1308 327 natura
1326 295 1461 327 movet

299 344 508 391 infantem,
529 344 599 381 sed
619 349 779 382 tantum
800 349 845 382 ut
865 357 906 382 se
921 347 1005 395 ipse
1021 345 1176 395 diligat,
1192 350 1236 383 ut
1255 348 1454 396 integrum

299 417 340 441 se
361 404 592 453 salvumque
613 403 720 441 velit.
780 403 912 440 Omne
933 406 1040 440 enim
1060 405 1215 450 animal,
1239 406 1355 442 simul
1385 410 1427 442 et
1444 404 1459 428 1

299 468 430 499 ortum
450 467 523 507 est,
545 467 587 499 et
616 475 657 499 se
687 465 817 511 ipsum
837 468 878 499 et
898 475 1035 499 omnes
1055 469 1187 512 partes
1207 476 1294 500 suas
1313 464 1458 513 diligit,

298 521 475 570 duasque
496 533 596 570 quae
617 524 811 558 maximae
842 526 936 558 sunt
964 524 1005 557 in
1034 524 1169 570 primis
1190 522 1458 571 amplectitur,

298 583 474 617 animum
488 585 529 617 et
542 579 853 629 corpus,deinde
861 582 1066 630 utriusque
1080 586 1224 630 partes,
1256 581 1357 618 Nam
1365 587 1459 619 sunt

301 641 344 673 et
363 639 404 672 in
427 638 558 672 animo
581 638 791 681 praecipua
815 636 1009 682 quaedam
1033 641 1075 673 et
1098 640 1139 672 in
1163 650 1338 683 corpore,
1362 650 1462 683 quae

302 707 392 731 cum
421 693 563 731 leviter
593 697 768 739 agnovit,
798 699 885 731 tum
916 693 1139 731 discernere
1164 698 1316 741 incipit,
1342 701 1388 732 ut
1417 709 1463 733 ea

302 765 402 798 quae
428 755 554 798 prima
580 752 673 789 data
695 754 776 789 sint
798 757 938 789 natura
964 758 1127 799 appetat
1153 758 1464 799 asperneturque

225 815 272 848 34
304 814 506 847 contraria.
568 810 616 847 In
641 810 702 847 his
733 813 868 856 primis
893 811 1137 848 naturalibus
1161 811 1340 857 voluptas
1371 815 1466 849 insit

303 882 444 914 necne,
474 882 618 914 magna
649 873 827 914 quaestio
854 874 935 913 est3
963 870 1063 905 nihil
1095 883 1186 906 vero
1213 875 1352 915 putare
1380 883 1464 908 esse

302 933 460 974 praeter
490 928 749 973 voluptatem,
779 940 859 964 non
885 928 1075 973 membra,
1105 941 1186 964 non
1212 941 1360 974 sensus,
1385 942 1465 966 non

303 989 440 1031 ingeni
463 991 628 1031 motum,
648 999 728 1022 non
751 989 1027 1031 integritatem
1051 989 1234 1032 corporis,
1254 999 1334 1023 non
1360 987 1464 1024 vale-

303 1044 498 1089 tudinem,
519 1057 694 1080 summae
714 1044 811 1080 mihi
831 1044 988 1080 videtur
1011 1047 1200 1081 inscitiae.
1260 1044 1394 1091 Atque
1414 1047 1464 1082 ab

303 1106 378 1139 isto
399 1105 528 1148 capite
549 1102 668 1139 fluere
689 1115 850 1139 necesse
871 1107 932 1139 est
951 1115 1109 1139 omnem
1128 1105 1323 1140 rationem
1342 1104 1463 1140 bono-

303 1174 390 1198 rum
415 1166 456 1198 et
478 1161 680 1197 malorum.
742 1160 944 1197 Polemoni
968 1166 1010 1198 et
1032 1163 1110 1197 iam
1132 1165 1227 1198 ante
1259 1161 1464 1198 Aristoteli

306 1233 351 1256 ea
370 1222 495 1265 prima
514 1222 594 1255 visa
614 1224 706 1256 sunt
727 1232 826 1264 quae
847 1219 963 1265 paulo
983 1224 1076 1256 ante
1096 1218 1188 1256 dixi.
1247 1219 1353 1265 Ergo
1372 1226 1466 1257 nata

306 1283 367 1314 est
387 1280 587 1314 sententia
607 1282 788 1314 veterum
812 1277 1139 1314 Academicorum
1164 1282 1206 1314 et
1230 1277 1466 1324 Peripateti-

305 1349 439 1373 corum
454 1341 499 1372 ut
514 1335 632 1371 finem
648 1336 840 1371 bonorum
855 1335 1036 1372 dicerent
1051 1335 1267 1372 secundum
1287 1341 1467 1373 naturam

306 1398 449 1440 vivere,
482 1395 522 1430 id
554 1399 614 1430 est
640 1396 787 1430 virtute
818 1393 996 1430 adhibita
1020 1393 1097 1430 frui
1119 1396 1253 1439 primis
1279 1408 1301 1430 a
1327 1400 1468 1432 natura

306 1452 418 1489 datis.
439 1452 616 1498 Callipho
629 1451 679 1488 ad
692 1455 881 1488 virtutem
894 1452 993 1487 nihil
1006 1451 1187 1488 adiunxit
1199 1455 1274 1489 nisi
1290 1453 1466 1498 volupta-

306 1517 404 1554 tem3
427 1510 622 1547 Diodorus
643 1513 883 1546 vacuitatem
903 1510 1057 1546 doloris.
1077 1538 1084 1546 .
1101 1538 1108 1546 .
1129 1538 1136 1546 .
1156 1504 1171 1526 ²
1192 1510 1268 1547 His
1285 1512 1465 1548 omnibus

305 1583 401 1615 quos
414 1570 494 1606 dixi
509 1574 797 1614 consequentes
810 1573 903 1605 sunt
918 1568 1015 1605 fines
1031 1569 1243 1604 bonorum:
1263 1568 1466 1615 Aristippo

304 1628 470 1674 simplex
503 1627 704 1673 voluptas3
736 1627 877 1664 Stoicis
905 1629 1129 1663 consentire
1155 1631 1333 1672 naturae,
1361 1628 1466 1673 quod

304 1699 389 1723 esse
410 1686 547 1722 volunt
568 1698 589 1722 e
610 1688 771 1730 virtute,
791 1684 833 1721 id
854 1689 914 1722 est
934 1684 1101 1722 honeste
1122 1687 1266 1729 vivere,
1287 1685 1392 1730 quod
1413 1688 1468 1722 ita

347 1782 359 1801 1
387 1782 440 1822 [et]
460 1782 568 1816 Mdv..
586 1781 667 1811 who
683 1781 910 1821 conjectures
927 1780 1034 1811 simul
1049 1781 1096 1811 est
1112 1781 1233 1811 ortum.

348 1824 361 1844 ²
384 1825 480 1855 Mdv.
499 1823 619 1855 marks
634 1833 655 1854 a
670 1823 811 1854 lacuna.
857 1822 888 1852 A
904 1825 1072 1854 sentence
1088 1823 1153 1853 has
1170 1823 1262 1853 been
1276 1822 1347 1853 lost
1362 1821 1452 1852 indi-

308 1867 428 1907 cating
443 1867 504 1898 the
523 1870 530 1881 ‘
544 1865 703 1907 primary
720 1866 859 1907 objects
872 1864 909 1895 of
925 1864 1038 1896 desire
1052 1864 1060 1876 ’
1078 1865 1116 1896 of
1131 1865 1192 1897 the
1205 1864 1452 1906 philosophers

307 1914 394 1940 next
413 1908 634 1940 mentioned.

429 2049 444 2064 ι
459 2042 513 2072 i.e.
530 2040 726 2072 soundness
742 2040 780 2071 of
796 2039 856 2071 the
873 2039 980 2071 limbs
996 2039 1069 2071 and
1085 2039 1123 2071 of
1138 2039 1198 2071 the
1216 2047 1346 2071 senses.

419 2086 491 2123 120
