1574 2364
225 1469 275 1506 74

618 168 815 206 CICERO
847 168 921 205 DE
953 169 1172 208 FINIBUS

308 249 541 296 Quomodo?
600 249 640 285 Si
672 249 836 285 verbum
875 252 1087 295 sequimur,
1117 253 1289 296 primum
1318 252 1475 299 longius

306 322 469 358 verbum
487 322 755 366 praepositum
769 333 886 364 quam
903 313 1266 358 bonum.’—‘Niliil
1283 323 1332 360 ad
1349 337 1432 360 rem
1447 325 1452 360 !
1466 325 1473 336 ‘

306 384 443 429 ——‘Ne
471 395 523 429 sit
551 404 666 435 sane3
701 396 742 427 at
762 396 870 428 certe
900 395 1068 436 gravius.
1131 393 1232 429 Nam
1258 395 1404 431 bonum
1426 409 1473 432 ex

305 477 382 510 quo
402 463 646 509 appellatum
661 464 724 506 sit,
741 464 894 505 nesci03
916 465 1184 508 praepositum
1205 477 1253 500 ex
1274 477 1322 501 eo
1343 465 1473 511 credo,

305 535 410 581 quod
442 538 709 581 praeponatur
735 533 840 570 aliis:
871 534 912 570 id
947 533 1044 570 mihi
1073 548 1262 580 magnum
1289 536 1471 574 videtur.'

308 607 447 652 Itaque
469 606 627 642 dicebat
655 605 742 650 plus
770 605 890 641 tribui
918 605 1065 642 divitiis
1085 619 1107 641 a
1134 606 1293 643 Zenone
1314 611 1378 653 qui
1408 621 1473 645 eas

305 682 345 715 in
367 680 598 724 praepositis
620 682 788 722 poneret
804 690 921 722 quam
934 678 983 713 ab
998 677 1216 715 Aristotele
1237 682 1302 724 qui
1324 680 1471 717 bonum

305 763 389 787 esse
411 749 567 786 divitias
589 748 783 784 fateretur
803 748 873 784 sed
900 761 1031 793 neque
1052 761 1240 794 magnum
1263 750 1409 787 bonum
1431 756 1473 788 et

306 833 397 867 prae
426 822 545 856 rectis
572 818 829 863 honestisque
861 819 1200 855 contemnendum
1230 833 1274 856 ac
1305 820 1473 867 despici-

305 892 453 929 endum
483 903 557 927 nec
586 903 731 935 magno
761 903 879 936 opere
911 890 1203 936 expetendum3
1233 895 1473 938 omninoque

305 964 355 1000 de
376 966 460 999 istis
481 962 663 998 omnibus
680 962 808 998 verbis
829 975 850 997 a
872 962 1031 998 Zenone
1046 965 1209 999 mutatis
1226 966 1281 999 ita
1297 963 1473 1009 disputa-

304 1037 386 1080 bat,
414 1039 454 1070 et
481 1047 581 1079 quae
614 1034 717 1069 bona
749 1038 993 1078 negarentur
1022 1046 1107 1070 esse
1139 1034 1188 1070 ab
1220 1047 1267 1071 eo
1299 1040 1341 1072 et
1372 1048 1472 1081 quae

305 1106 420 1151 mala,
436 1105 502 1141 illa
523 1105 751 1141 laetioribus
769 1105 992 1140 nominibus
1012 1105 1201 1150 appellari
1222 1106 1271 1141 ab
1288 1119 1334 1142 eo
1356 1120 1472 1152 quam

305 1193 326 1215 a
347 1178 472 1222 nobis,
493 1177 591 1212 haec
612 1176 859 1212 tristioribus.
920 1175 1008 1212 Piso
1028 1179 1149 1221 igitur
1170 1176 1243 1212 hoc
1264 1177 1394 1223 modo,
1416 1181 1473 1214 vir

305 1253 476 1295 optimus
498 1251 648 1292 tuique,
670 1252 715 1283 ut
735 1250 820 1292 seis,
838 1250 1148 1291 amantissimus;
1179 1261 1248 1284 nos
1270 1252 1402 1294 paucis
1422 1249 1471 1285 ad

306 1322 402 1357 haec
432 1319 576 1355 additis
608 1318 726 1354 finem
750 1318 939 1354 faciamus
963 1318 1195 1364 aliquando;
1226 1319 1387 1364 longum
1411 1326 1471 1357 est

306 1395 411 1429 enim
432 1390 482 1426 ad
502 1392 632 1426 omnia
654 1389 892 1434 respondere
913 1402 1013 1434 quae
1033 1403 1055 1425 a
1077 1395 1116 1426 te
1137 1389 1243 1426 dicta
1259 1396 1361 1427 sunt.

361 1461 528 1498 XXVII.
563 1452 699 1496 “Nam
716 1473 763 1496 ex
786 1460 936 1496 eisdem
959 1461 1166 1496 verborum
1188 1464 1410 1506 praestigiis
1432 1467 1473 1499 et

304 1547 426 1580 regna
443 1538 535 1569 nata
552 1532 658 1568 vobis
675 1536 767 1567 sunt
789 1536 829 1568 et
850 1534 1013 1577 imperia
1030 1537 1071 1568 et
1087 1532 1261 1577 divitiae,
1278 1537 1320 1569 et
1335 1538 1471 1570 tantae

305 1605 465 1652 quidem
496 1609 541 1640 ut
570 1606 701 1640 omnia
736 1615 836 1648 quae
871 1603 1018 1648 ubique
1049 1605 1130 1640 sint
1163 1606 1352 1649 sapientis
1384 1617 1470 1641 esse

305 1677 455 1714 dicatis.
516 1674 651 1712 Solum
672 1679 879 1719 praeterea
900 1673 1126 1718 formosum,
1143 1673 1269 1710 solum
1289 1673 1471 1720 liberum,

306 1747 431 1785 solum
462 1749 608 1789 civcm3
650 1737 814 1781 stultosl
836 1747 967 1780 omnia
996 1748 1203 1789 contraria,
1225 1758 1320 1790 quos
1351 1748 1471 1783 etiam

305 1823 461 1856 insanos
482 1829 567 1854 esse
589 1816 717 1852 vultis.
780 1816 893 1852 Haec
914 1811 1105 1861 παράδοξα
1124 1815 1194 1861 illi,
1216 1829 1286 1852 nos
1305 1816 1472 1854 admira-

306 1890 398 1927 biiia
437 1888 623 1924 dicamus.
692 1886 799 1932 Quid
838 1892 972 1923 autem
1014 1887 1165 1923 habent
1203 1886 1472 1925 admirationis

305 1974 393 1998 cum
415 1972 536 2005 prope
557 1958 790 1994 accesseris?
822 1957 1031 1995 Conferam
1047 1963 1181 1995 tecum
1197 1971 1313 2004 quam
1330 1961 1471 2004 cuique

639 2040 784 2092 istzcltos
801 2061 955 2092 inserted
973 2060 1017 2101 by
1037 2061 1133 2094 Mdv.

415 2123 491 2155 380
