1574 2364
200 321 247 357 47

201 1256 249 1288 48

588 120 784 157 CICERO
816 120 890 156 DE
920 120 1140 158 FINIBUS

279 207 339 239 est
350 201 455 238 aliud
470 203 714 246 propositum
728 202 800 236 nisi
811 204 964 236 rectum
973 204 1093 245 atque
1104 200 1328 247 honestum,
1338 202 1444 240 unde

278 261 389 303 offici,
405 259 509 295 unde
524 258 668 303 agendi
686 260 921 303 principium
935 262 1118 294 nascatur
1130 271 1209 295 non
1226 262 1441 304 reperietis.

282 318 371 353 Hoc
392 320 512 362 igitur
533 308 791 361 quaerentes¹
814 328 963 360 omnes,
978 321 1020 352 et
1035 318 1060 352 ii
1081 320 1147 362 qui
1168 317 1443 363 quodcumque

282 379 322 412 in
342 380 520 412 mentem
542 377 675 411 veniat
695 379 763 410 aut
783 373 1061 419 quodcumque
1082 380 1259 411 occurrat
1276 389 1316 412 se
1333 379 1443 421 sequi

279 427 440 470 dicunt²
475 438 517 470 et
550 446 629 477 VOS,
661 432 709 468 ad
743 437 924 468 naturam
951 426 1236 469 revertemini.3
1292 434 1444 478 Quibus

280 497 420 528 natura
437 495 519 528 iure
537 490 786 536 responderit
801 503 880 526 non
898 503 982 527 esse
999 504 1133 527 verum
1150 491 1309 528 aliunde
1327 492 1444 529 finem

280 551 396 587 beate
418 550 589 594 vivendi,
610 563 631 585 3
651 562 692 586 se
713 552 903 594 principia
924 552 979 585 rei
999 549 1200 594 gerendae
1220 553 1328 595 peti3
1357 564 1442 588 esse

281 612 387 645 enim
414 622 533 645 unam
561 611 756 644 rationem
784 621 860 653 qua
888 612 930 644 et
958 610 1149 653 principia
1170 621 1301 645 rerum
1321 622 1441 654 agen-

281 668 419 704 darum
450 672 491 704 et
521 666 659 703 ultima
690 667 881 702 bonorum
912 669 1228 712 continerentur,
1248 671 1367 712 atque
1397 673 1440 704 ut

284 727 479 762 Aristonis
508 730 613 762 esset
640 724 800 770 explosa
826 727 1027 761 sententia
1053 725 1222 761 dicentis
1249 725 1346 761 nihil
1368 725 1442 761 dif—

283 784 385 821 ferre
406 783 513 820 aliud
533 784 582 819 ab
603 783 678 819 alio
698 797 772 820 nec
793 797 877 819 esse
899 796 960 820 res
981 783 1079 820 ullas
1100 789 1257 829 praeter
1276 787 1442 821 virtutes

282 848 323 879 et
344 846 437 879 vitia
459 845 563 879 inter
590 855 685 887 quas
713 842 928 887 quidquam
954 845 1115 878 omnino
1141 845 1365 887 interesset,
1386 845 1439 879 sic

282 914 410 938 errare
438 901 638 937 Zenonem
666 903 732 945 qui
759 900 868 936 nulla
895 903 934 936 in
961 913 1003 937 re
1031 903 1104 937 nisi
1132 903 1171 937 in
1199 904 1345 937 virtute
1372 906 1440 939 aut

281 954 399 996 vitio⁴
421 961 724 1005 propensionem
745 971 795 994 ne
816 961 968 994 minimi
992 958 1151 1004 quidem
1179 962 1371 996 momenti
1391 959 1440 995 ad

282 1032 476 1054 summum
498 1019 643 1053 bonum
668 1016 967 1062 adipiscendum
993 1030 1077 1054 esse
1103 1017 1255 1054 diceret
1276 1022 1329 1062 et,
1351 1031 1440 1054 cum

280 1077 330 1113 ad
360 1077 517 1112 beatam
547 1078 668 1111 vitam
699 1074 853 1111 nullum
884 1080 1132 1112 momentum
1160 1081 1293 1113 cetera
1322 1075 1441 1112 habe-

281 1140 383 1179 rent,
418 1134 467 1170 ad
506 1136 793 1179 appetitionem
833 1127 992 1170 tamen⁵
1026 1147 1156 1170 rerum
1195 1147 1280 1171 esse
1319 1136 1358 1169 in
1398 1136 1444 1171 iis

281 1198 483 1229 momenta
504 1192 680 1235 diceret;
710 1194 819 1236 quasi
841 1205 932 1228 vero
954 1192 1051 1228 haec
1078 1195 1272 1238 appetitio
1293 1206 1372 1228 non
1392 1192 1441 1228 ad

283 1254 424 1288 summi
457 1251 549 1286 boni
582 1250 837 1295 adeptionem
869 1251 1107 1295 pertineret!
1167 1250 1274 1296 Quid
1307 1255 1440 1287 autem

280 1313 410 1346 minus
437 1314 749 1345 consentaneum
777 1313 838 1345 est
865 1322 980 1354 quam
1008 1308 1113 1354 quod
1142 1311 1254 1345 aiunt
1283 1311 1442 1353 cognito

281 1381 433 1405 summo
453 1368 557 1403 bono
577 1369 723 1403 reverti
744 1379 784 1403 se
814 1366 863 1403 ad
893 1372 1075 1403 naturam
1103 1371 1147 1402 ut
1168 1380 1215 1403 ex
1237 1380 1281 1403 63
1302 1371 1444 1412 petant

279 1427 426 1472 agendi
447 1428 696 1471 principium,
718 1425 757 1461 id
779 1430 839 1461 est
860 1425 986 1461 offici?
1040 1425 1130 1461 Non
1153 1428 1258 1461 enim
1278 1428 1442 1461 actionis

279 1491 347 1522 aut
367 1485 466 1521 offici
481 1486 580 1520 ratio
600 1483 769 1528 impellit
785 1483 834 1519 ad
852 1496 897 1519 ea
912 1496 1012 1528 quae
1028 1482 1243 1519 secundum
1261 1488 1441 1519 naturam

280 1548 373 1580 sunt
392 1541 631 1588 appetenda,
654 1541 723 1578 sed
744 1541 792 1576 ab
813 1544 858 1578 iis
879 1546 921 1578 et
939 1544 1132 1587 appetitio
1154 1546 1196 1578 et
1214 1543 1317 1577 actio
1338 1554 1441 1577 com-

278 1606 468 1638 movetur.

334 1659 483 1695 XVIII.
519 1649 542 1665 “
558 1658 673 1694 Nunc
695 1660 809 1694 venio
829 1657 878 1693 ad
899 1658 965 1693 illa
986 1663 1053 1694 tua
1069 1658 1214 1703 brevia,
1231 1669 1330 1703 quae
1351 1670 1442 1693 con-

278 1720 444 1755 sectaria
482 1729 567 1753 esse
602 1716 772 1761 dicebas,
808 1721 849 1753 et
882 1719 1052 1761 primum
1086 1715 1197 1761 illud,
1232 1728 1309 1761 quo
1342 1713 1439 1751 nihil

318 1788 544 1850 {Zquaerenles
561 1788 713 1837 Gdrenz,
733 1787 846 1839 Mdv&
862 1788 1034 1828 quaeritis
1051 1787 1153 1820 MSS.

322 1874 334 1894 ³
345 1831 573 1905 5223222‘22'2·
582 1831 835 1903 {iffgltxlxxitbhsin
841 1830 1002 1910 flllssllngd
1020 1872 1244 1904 revertimini
1259 1872 1297 1911 B,
1319 1872 1358 1904 E.

318 1917 331 1936 ⁴
343 1920 408 1948 aut
423 1917 510 1948 vitio
525 1926 623 1947 some
640 1916 718 1946 edd.
739 1916 897 1946 bracket.

319 1960 332 1980 ⁵
345 1963 455 1991 cetera
467 1959 633 1990 haberent
646 1982 654 1989 .
675 1982 682 1989 .
704 1981 710 1989 .
732 1962 849 1989 tamen
864 1958 958 1989 Mdv.
979 1958 1063 1989 with
1082 1958 1195 1989 Davis
1211 1958 1280 1989 and
1301 1957 1438 1994 Bremi3

278 2004 332 2034 Ea
351 2014 401 2034 res
415 2002 555 2033 haberet
568 2025 575 2032 .
598 2025 605 2032 .
624 2024 631 2042 3
653 2004 770 2031 aulem
790 2001 889 2032 MSS.

385 2057 461 2089 352
