1574 2364
214 983 263 1022 59

218 1823 268 1861 60

593 138 789 177 CICERO
820 139 894 176 DE
925 139 1144 178 FINIBUS

286 225 328 258 et
349 222 620 266 cognitionem
640 224 683 256 et
703 232 816 256 usum
841 222 919 256 iam
946 221 1184 257 corroborati
1212 224 1353 258 natura
1372 222 1457 267 ipsa

287 288 506 330 praeeunte
528 281 772 319 deducimur.
841 283 1032 320 Omnium
1058 286 1165 320 enim
1192 296 1324 320 rerum
1351 286 1458 329 prin-

289 350 389 393 cipia
410 359 529 392 parva
549 350 655 390 sunt,
673 345 743 382 sed
763 348 841 382 suis
861 347 1202 392 progressionibus
1223 360 1292 384 usa
1311 359 1460 392 augen-

289 415 377 453 tur;
422 422 496 445 nec
532 411 616 445 sine
657 421 797 452 causa;
841 411 881 444 in
921 412 1047 455 primo
1087 413 1193 446 enim
1227 414 1316 446 ortu
1355 412 1461 446 inest

288 475 481 509 teneritas
513 485 558 508 ac
592 471 761 508 mollitia
795 466 1005 517 quaedam,
1040 478 1085 509 ut
1119 486 1193 510 nec
1232 486 1293 509 res
1324 472 1459 509 videre

290 539 458 582 optimas
479 548 553 571 nec
574 548 692 580 agere
713 538 875 581 possint.
924 536 1092 572 Virtutis
1114 539 1220 572 enim
1240 536 1461 581 beataeque

291 602 409 644 vitae,
424 611 523 644 quae
538 598 616 634 duo
633 601 803 634 maxime
821 599 1048 644 expetenda
1065 604 1170 645 sunt,
1187 602 1309 636 serius
1325 599 1460 635 lumen

291 667 469 708 apparet,
502 661 629 698 multo
664 664 784 698 etiam
821 665 956 708 serius,
993 668 1037 698 ut
1072 663 1188 708 plane
1223 663 1353 708 qualia
1383 665 1461 698 sint

292 725 589 770 intellegantur.
652 724 854 761 Praeclare
882 728 989 761 enim
1018 725 1149 762 Plato:
1180 716 1371 762 ‘Beatum
1399 728 1461 761 cui

293 792 414 826 etiam
434 791 475 824 in
495 793 704 825 senectute
725 790 940 833 contigerit
963 794 1005 825 ut
1020 792 1255 834 sapientiam
1272 801 1461 834 verasque

291 854 498 898 opiniones
513 854 669 896 assequi
690 852 832 897 possit!
845 851 851 862 ’
912 850 1045 896 Quare
1059 855 1244 897 quoniam
1261 851 1311 889 de
1328 854 1463 898 primis

294 920 458 952 naturae
473 914 688 950 commodis
701 917 794 950 satis
810 914 962 951 dietum
979 920 1052 960 est,
1070 928 1175 951 nunc
1189 914 1238 951 de
1252 915 1463 952 maioribus

293 978 707 1023 consequentibusque
729 977 942 1014 videamus.
1004 979 1154 1015 Natura
1181 981 1303 1024 igitur
1323 991 1464 1024 corpus

294 1042 455 1088 quidem
476 1041 646 1077 hominis
666 1043 721 1077 sic
748 1046 790 1078 et
815 1044 958 1086 genuit
987 1046 1029 1078 et
1055 1041 1241 1079 formavit
1260 1046 1306 1079 ut
1325 1041 1400 1078 alia
1421 1044 1460 1077 in

294 1108 419 1152 primo
439 1109 527 1141 ortu
548 1104 769 1150 perficeret,
788 1104 862 1140 alia
884 1104 1166 1150 progrediente
1186 1109 1318 1142 aetate
1340 1105 1463 1150 finge-

296 1174 370 1214 ret,
410 1181 540 1213 neque
580 1181 674 1204 sane
713 1167 885 1204 multum
925 1168 1166 1205 adiumentis
1204 1171 1380 1206 externis
1423 1173 1465 1206 et

296 1232 529 1269 adventiciis
551 1235 756 1276 uteretur3
786 1234 962 1268 animum
992 1236 1127 1269 autem
1156 1232 1317 1278 reliquis
1346 1232 1463 1269 rebus

297 1299 353 1332 ita
373 1294 541 1341 perfecit
563 1300 607 1331 ut
628 1307 791 1340 corpus;
820 1295 999 1331 sensibus
1021 1298 1129 1332 enim
1149 1299 1303 1332 ornavit
1329 1295 1379 1332 ad
1400 1308 1461 1333 res

297 1352 570 1400 percipiendas
590 1353 743 1389 idoneis
764 1357 809 1389 ut
827 1352 927 1389 nihil
953 1358 1023 1390 aut
1048 1366 1128 1389 non
1154 1354 1325 1390 multum
1351 1354 1460 1390 adiu-

296 1417 432 1449 mento
446 1411 525 1448 ullo
538 1411 587 1447 ad
601 1424 710 1447 suam
723 1411 1061 1448 confirmationem
1073 1405 1322 1458 indigerent¹
1336 1426 1344 1457 ;
1358 1412 1462 1458 quod

296 1477 431 1508 autem
459 1473 499 1506 in
528 1470 688 1506 homine
718 1472 1100 1515 praestantissimum
1126 1476 1247 1517 atque
1267 1474 1461 1517 optimum

298 1535 371 1575 est,
404 1529 443 1566 id
478 1529 664 1566 deseruit.
725 1529 811 1565 Etsi
843 1529 956 1566 dedit
984 1529 1106 1566 talem
1145 1535 1323 1567 mentem
1362 1543 1462 1576 quae

297 1601 456 1625 omnem
486 1590 674 1624 virtutem
702 1590 882 1633 accipere
911 1593 1057 1633 posset,
1085 1590 1348 1635 ingenuitque
1377 1592 1461 1626 sine

299 1647 479 1684 doctrina
498 1648 660 1682 notitias
680 1659 818 1692 parvas
845 1659 976 1683 rerum
1000 1649 1258 1684 maximarum
1285 1652 1328 1684 et
1353 1651 1462 1693 quasi

298 1708 474 1742 instituit
514 1704 670 1749 docere,
712 1709 754 1741 et
793 1705 951 1741 induxit
995 1708 1036 1741 in
1076 1718 1122 1742 ea
1160 1718 1260 1751 quae
1306 1708 1465 1743 inerant

297 1770 499 1809 tamquam
538 1763 740 1799 elementa
772 1765 938 1800 virtutis.
996 1763 1076 1801 Sed
1113 1766 1302 1801 virtutem
1340 1767 1463 1810 ipsam

298 1822 522 1865 inchoavit;
552 1820 651 1856 nihil
672 1820 851 1866 amplius.
897 1821 1038 1868 Itaque
1057 1827 1237 1859 nostrum
1258 1827 1319 1859 est
1339 1814 1461 1868 (quod

298 1885 477 1918 nostrum
498 1879 599 1925 dico,
620 1882 714 1915 artis
736 1871 816 1924 est)
834 1879 886 1916 ad
907 1893 953 1917 ea
973 1882 1166 1927 principia
1190 1894 1291 1927 quae
1311 1884 1463 1927 aceepi-

419 1946 429 1966 ²
444 1942 643 1987 indigerent
659 1946 772 1976 Bremi
789 1957 796 1981 ς
822 1946 996 1987 indagem
1011 1947 1106 1980 Mdv.
1127 1948 1211 1979 with
1230 1947 1330 1980 MSS.

673 2030 812 2068 aplato,
832 2030 934 2062 Laws
950 2032 1048 2072 653A.
1102 2045 1105 2048 ·

409 2082 486 2120 460
