<?xml version="1.0" encoding="UTF-8"?>
<!DOCTYPE html PUBLIC "-//W3C//DTD XHTML 1.0 Transitional//EN"
    "http://www.w3.org/TR/xhtml1/DTD/xhtml1-transitional.dtd">
<html xmlns="http://www.w3.org/1999/xhtml" xml:lang="en" lang="en">
 <head>
  <title>
</title>
<meta http-equiv="Content-Type" content="text/html;charset=utf-8" />
  <meta name='ocr-system' content='tesseract 3.04.00' />
  <meta name='ocr-capabilities' content='ocr_page ocr_carea ocr_par ocr_line ocrx_word'/>
</head>
<body>
  <div class='ocr_page' id='page_1' title='image "./definibusbonorum00cice_0448.png"; bbox 0 0 1574 2364; ppageno 0'>
   <div class='ocr_carea' id='block_1_1' title="bbox 579 147 1128 186">
    <p class='ocr_par' dir='ltr' id='par_1_1' title="bbox 579 147 1128 186">
     <span class='ocr_line' id='line_1_1' title="bbox 579 147 1128 186; baseline 0.007 -4"><span class='ocrx_word' id='word_1_1' title='bbox 579 147 773 184; x_wconf 85' lang='lat' dir='ltr'><strong>CICERO</strong></span> <span class='ocrx_word' id='word_1_2' title='bbox 806 147 878 183; x_wconf 89' lang='lat' dir='ltr'>DE</span> <span class='ocrx_word' id='word_1_3' title='bbox 910 148 1128 186; x_wconf 89' lang='lat' dir='ltr'>FINIBUS</span> 
     </span>
    </p>
   </div>
   <div class='ocr_carea' id='block_1_2' title="bbox 187 226 1432 1858">
    <p class='ocr_par' dir='ltr' id='par_1_2' title="bbox 259 226 1432 965">
     <span class='ocr_line' id='line_1_2' title="bbox 269 226 1432 273; baseline 0.002 -9"><span class='ocrx_word' id='word_1_4' title='bbox 269 241 386 273; x_wconf 89' lang='lat' dir='ltr'>quem</span> <span class='ocrx_word' id='word_1_5' title='bbox 415 229 788 271; x_wconf 79' lang='lat' dir='ltr'>circumscripsimus</span> <span class='ocrx_word' id='word_1_6' title='bbox 815 226 989 263; x_wconf 83' lang='lat' dir='ltr'>incidere</span> <span class='ocrx_word' id='word_1_7' title='bbox 1016 240 1095 264; x_wconf 90' lang='lat' dir='ltr'>non</span> <span class='ocrx_word' id='word_1_8' title='bbox 1124 233 1301 273; x_wconf 75' lang='lat' dir='ltr'>possunt,</span> <span class='ocrx_word' id='word_1_9' title='bbox 1322 229 1432 266; x_wconf 86' lang='lat' dir='ltr'>adhi-</span> 
     </span>
     <span class='ocr_line' id='line_1_3' title="bbox 269 289 1432 329; baseline 0.002 -2"><span class='ocrx_word' id='word_1_10' title='bbox 269 290 422 327; x_wconf 76' lang='lat' dir='ltr'>bendae</span> <span class='ocrx_word' id='word_1_11' title='bbox 444 292 605 325; x_wconf 86' lang='lat' dir='ltr'>omnino</span> <span class='ocrx_word' id='word_1_12' title='bbox 626 302 704 325; x_wconf 90' lang='lat' dir='ltr'>non</span> <span class='ocrx_word' id='word_1_13' title='bbox 727 289 899 326; x_wconf 86' lang='lat' dir='ltr'>fuerunt.</span> <span class='ocrx_word' id='word_1_14' title='bbox 961 290 1062 326; x_wconf 85' lang='lat' dir='ltr'>Nam</span> <span class='ocrx_word' id='word_1_15' title='bbox 1083 304 1173 327; x_wconf 89' lang='lat' dir='ltr'>cum</span> <span class='ocrx_word' id='word_1_16' title='bbox 1194 294 1320 328; x_wconf 89' lang='lat' dir='ltr'>omnis</span> <span class='ocrx_word' id='word_1_17' title='bbox 1336 291 1432 329; x_wconf 86' lang='lat' dir='ltr'>haec</span> 
     </span>
     <span class='ocr_line' id='line_1_4' title="bbox 265 352 1432 399; baseline 0.003 -10"><span class='ocrx_word' id='word_1_18' title='bbox 265 356 443 399; x_wconf 78' lang='lat' dir='ltr'>quaestio</span> <span class='ocrx_word' id='word_1_19' title='bbox 464 353 513 389; x_wconf 91' lang='lat' dir='ltr'>de</span> <span class='ocrx_word' id='word_1_20' title='bbox 537 353 678 389; x_wconf 89' lang='lat' dir='ltr'>finibus</span> <span class='ocrx_word' id='word_1_21' title='bbox 701 357 741 388; x_wconf 89' lang='lat' dir='ltr'>et</span> <span class='ocrx_word' id='word_1_22' title='bbox 763 355 871 397; x_wconf 83' lang='lat' dir='ltr'>quasi</span> <span class='ocrx_word' id='word_1_23' title='bbox 892 352 942 389; x_wconf 89' lang='lat' dir='ltr'>de</span> <span class='ocrx_word' id='word_1_24' title='bbox 965 356 1152 390; x_wconf 77' lang='lat' dir='ltr'>extremis</span> <span class='ocrx_word' id='word_1_25' title='bbox 1172 354 1364 391; x_wconf 89' lang='lat' dir='ltr'>bonorum</span> <span class='ocrx_word' id='word_1_26' title='bbox 1390 361 1432 392; x_wconf 86' lang='lat' dir='ltr'>et</span> 
     </span>
     <span class='ocr_line' id='line_1_5' title="bbox 264 416 1430 461; baseline 0.002 -8"><span class='ocrx_word' id='word_1_27' title='bbox 264 417 456 453; x_wconf 84' lang='lat' dir='ltr'>malorum</span> <span class='ocrx_word' id='word_1_28' title='bbox 486 416 535 452; x_wconf 87' lang='lat' dir='ltr'>ab</span> <span class='ocrx_word' id='word_1_29' title='bbox 566 429 612 451; x_wconf 88' lang='lat' dir='ltr'>eo</span> <span class='ocrx_word' id='word_1_30' title='bbox 642 416 909 461; x_wconf 82' lang='lat' dir='ltr'>proficiscatur</span> <span class='ocrx_word' id='word_1_31' title='bbox 936 416 1042 461; x_wconf 88' lang='lat' dir='ltr'>quod</span> <span class='ocrx_word' id='word_1_32' title='bbox 1069 416 1238 454; x_wconf 76' lang='lat' dir='ltr'>diximus</span> <span class='ocrx_word' id='word_1_33' title='bbox 1266 423 1430 455; x_wconf 82' lang='lat' dir='ltr'>naturae</span> 
     </span>
     <span class='ocr_line' id='line_1_6' title="bbox 266 477 1430 526; baseline 0.001 -10"><span class='ocrx_word' id='word_1_34' title='bbox 266 492 350 516; x_wconf 87' lang='lat' dir='ltr'>csse</span> <span class='ocrx_word' id='word_1_35' title='bbox 378 484 517 524; x_wconf 82' lang='lat' dir='ltr'>aptum</span> <span class='ocrx_word' id='word_1_36' title='bbox 545 483 586 514; x_wconf 85' lang='lat' dir='ltr'>et</span> <span class='ocrx_word' id='word_1_37' title='bbox 613 477 967 523; x_wconf 82' lang='lat' dir='ltr'>accommodatum,</span> <span class='ocrx_word' id='word_1_38' title='bbox 990 479 1175 524; x_wconf 89' lang='lat' dir='ltr'>quodque</span> <span class='ocrx_word' id='word_1_39' title='bbox 1204 482 1331 525; x_wconf 91' lang='lat' dir='ltr'>ipsum</span> <span class='ocrx_word' id='word_1_40' title='bbox 1359 493 1430 526; x_wconf 88' lang='lat' dir='ltr'>per</span> 
     </span>
     <span class='ocr_line' id='line_1_7' title="bbox 263 541 1428 589; baseline 0.001 -10"><span class='ocrx_word' id='word_1_41' title='bbox 263 556 304 579; x_wconf 89' lang='lat' dir='ltr'>se</span> <span class='ocrx_word' id='word_1_42' title='bbox 326 545 495 588; x_wconf 89' lang='lat' dir='ltr'>primum</span> <span class='ocrx_word' id='word_1_43' title='bbox 517 545 741 586; x_wconf 76' lang='lat' dir='ltr'>appetatur,</span> <span class='ocrx_word' id='word_1_44' title='bbox 764 541 837 577; x_wconf 93' lang='lat' dir='ltr'>hoc</span> <span class='ocrx_word' id='word_1_45' title='bbox 859 546 988 577; x_wconf 89' lang='lat' dir='ltr'>totum</span> <span class='ocrx_word' id='word_1_46' title='bbox 1011 546 1052 577; x_wconf 88' lang='lat' dir='ltr'>et</span> <span class='ocrx_word' id='word_1_47' title='bbox 1072 544 1097 577; x_wconf 94' lang='lat' dir='ltr'>ii</span> <span class='ocrx_word' id='word_1_48' title='bbox 1119 542 1268 579; x_wconf 87' lang='lat' dir='ltr'>tollunt</span> <span class='ocrx_word' id='word_1_49' title='bbox 1294 546 1361 589; x_wconf 93' lang='lat' dir='ltr'>qui</span> <span class='ocrx_word' id='word_1_50' title='bbox 1388 546 1428 580; x_wconf 86' lang='grc'>111</span> 
     </span>
     <span class='ocr_line' id='line_1_8' title="bbox 262 603 1429 651; baseline 0.001 -9"><span class='ocrx_word' id='word_1_51' title='bbox 262 606 379 642; x_wconf 89' lang='lat' dir='ltr'>rebus</span> <span class='ocrx_word' id='word_1_52' title='bbox 400 608 446 641; x_wconf 87' lang='lat' dir='ltr'>iis</span> <span class='ocrx_word' id='word_1_53' title='bbox 467 607 508 640; x_wconf 89' lang='lat' dir='ltr'>in</span> <span class='ocrx_word' id='word_1_54' title='bbox 529 605 670 649; x_wconf 89' lang='lat' dir='ltr'>quibus</span> <span class='ocrx_word' id='word_1_55' title='bbox 691 603 790 640; x_wconf 90' lang='lat' dir='ltr'>nihil</span> <span class='ocrx_word' id='word_1_56' title='bbox 811 609 880 640; x_wconf 81' lang='lat' dir='ltr'>aut</span> <span class='ocrx_word' id='word_1_57' title='bbox 904 604 1118 641; x_wconf 89' lang='lat' dir='ltr'>honestum</span> <span class='ocrx_word' id='word_1_58' title='bbox 1142 611 1210 642; x_wconf 87' lang='lat' dir='ltr'>aut</span> <span class='ocrx_word' id='word_1_59' title='bbox 1234 611 1350 651; x_wconf 89' lang='lat' dir='ltr'>turpe</span> <span class='ocrx_word' id='word_1_60' title='bbox 1378 610 1429 643; x_wconf 89' lang='lat' dir='ltr'>sit</span> 
     </span>
     <span class='ocr_line' id='line_1_9' title="bbox 262 666 1429 713; baseline 0 -8"><span class='ocrx_word' id='word_1_61' title='bbox 262 672 414 713; x_wconf 83' lang='lat' dir='ltr'>negant</span> <span class='ocrx_word' id='word_1_62' title='bbox 435 680 520 703; x_wconf 83' lang='lat' dir='ltr'>esse</span> <span class='ocrx_word' id='word_1_63' title='bbox 541 667 663 703; x_wconf 85' lang='lat' dir='ltr'>ullam</span> <span class='ocrx_word' id='word_1_64' title='bbox 685 680 840 703; x_wconf 81' lang='lat' dir='ltr'>causam</span> <span class='ocrx_word' id='word_1_65' title='bbox 860 680 929 702; x_wconf 85' lang='lat' dir='ltr'>cur</span> <span class='ocrx_word' id='word_1_66' title='bbox 949 666 1056 703; x_wconf 87' lang='lat' dir='ltr'>aliud</span> <span class='ocrx_word' id='word_1_67' title='bbox 1076 667 1141 703; x_wconf 84' lang='lat' dir='ltr'>alii</span> <span class='ocrx_word' id='word_1_68' title='bbox 1161 673 1429 713; x_wconf 85' lang='lat' dir='ltr'>anteponatur</span> 
     </span>
     <span class='ocr_line' id='line_1_10' title="bbox 261 729 1427 777; baseline 0.001 -9"><span class='ocrx_word' id='word_1_69' title='bbox 261 746 334 768; x_wconf 90' lang='lat' dir='ltr'>ncc</span> <span class='ocrx_word' id='word_1_70' title='bbox 356 734 461 767; x_wconf 83' lang='lat' dir='ltr'>inter</span> <span class='ocrx_word' id='word_1_71' title='bbox 482 743 546 766; x_wconf 86' lang='lat' dir='ltr'>eas</span> <span class='ocrx_word' id='word_1_72' title='bbox 567 743 628 766; x_wconf 84' lang='lat' dir='ltr'>res</span> <span class='ocrx_word' id='word_1_73' title='bbox 649 729 864 774; x_wconf 82' lang='lat' dir='ltr'>quidquam</span> <span class='ocrx_word' id='word_1_74' title='bbox 886 732 1045 766; x_wconf 87' lang='lat' dir='ltr'>omnino</span> <span class='ocrx_word' id='word_1_75' title='bbox 1062 736 1206 775; x_wconf 85' lang='lat' dir='ltr'>putant</span> <span class='ocrx_word' id='word_1_76' title='bbox 1222 734 1427 777; x_wconf 85' lang='lat' dir='ltr'>interesse,</span> 
     </span>
     <span class='ocr_line' id='line_1_11' title="bbox 259 792 1427 840; baseline 0.001 -9"><span class='ocrx_word' id='word_1_77' title='bbox 259 800 301 832; x_wconf 91' lang='lat' dir='ltr'>et</span> <span class='ocrx_word' id='word_1_78' title='bbox 333 794 490 838; x_wconf 88' lang='lat' dir='ltr'>Erillus,</span> <span class='ocrx_word' id='word_1_79' title='bbox 521 796 552 830; x_wconf 91' lang='lat' dir='ltr'>si</span> <span class='ocrx_word' id='word_1_80' title='bbox 584 796 639 829; x_wconf 86' lang='lat' dir='ltr'>ita</span> <span class='ocrx_word' id='word_1_81' title='bbox 671 795 807 837; x_wconf 81' lang='lat' dir='ltr'>sensit,</span> <span class='ocrx_word' id='word_1_82' title='bbox 839 792 937 828; x_wconf 90' lang='lat' dir='ltr'>nihil</span> <span class='ocrx_word' id='word_1_83' title='bbox 972 806 1056 830; x_wconf 86' lang='lat' dir='ltr'>esse</span> <span class='ocrx_word' id='word_1_84' title='bbox 1089 794 1236 830; x_wconf 89' lang='lat' dir='ltr'>bonum</span> <span class='ocrx_word' id='word_1_85' title='bbox 1268 800 1427 840; x_wconf 81' lang='lat' dir='ltr'>praeter</span> 
     </span>
     <span class='ocr_line' id='line_1_12' title="bbox 263 856 1426 902; baseline 0.001 -8"><span class='ocrx_word' id='word_1_86' title='bbox 263 860 482 902; x_wconf 81' lang='lat' dir='ltr'>scientiam,</span> <span class='ocrx_word' id='word_1_87' title='bbox 515 869 674 892; x_wconf 87' lang='lat' dir='ltr'>omnem</span> <span class='ocrx_word' id='word_1_88' title='bbox 709 856 846 892; x_wconf 85' lang='lat' dir='ltr'>consili</span> <span class='ocrx_word' id='word_1_89' title='bbox 881 856 1063 901; x_wconf 76' lang='lat' dir='ltr'>capiendi</span> <span class='ocrx_word' id='word_1_90' title='bbox 1098 870 1254 893; x_wconf 82' lang='lat' dir='ltr'>causam</span> <span class='ocrx_word' id='word_1_91' title='bbox 1289 860 1426 895; x_wconf 89' lang='lat' dir='ltr'>inven-</span> 
     </span>
     <span class='ocr_line' id='line_1_13' title="bbox 259 919 803 965; baseline -0.006 -8"><span class='ocrx_word' id='word_1_92' title='bbox 259 924 491 965; x_wconf 89' lang='lat' dir='ltr'>tionemque</span> <span class='ocrx_word' id='word_1_93' title='bbox 513 920 612 956; x_wconf 87' lang='lat' dir='ltr'>offici</span> <span class='ocrx_word' id='word_1_94' title='bbox 633 919 803 956; x_wconf 87' lang='lat' dir='ltr'>sustulit.</span> 
     </span>
    </p>

    <p class='ocr_par' dir='ltr' id='par_1_3' title="bbox 257 975 1424 1208">
     <span class='ocr_line' id='line_1_14' title="bbox 313 975 1424 1029; baseline 0 -9"><span class='ocrx_word' id='word_1_95' title='bbox 313 975 337 990; x_wconf 80' lang='lat'><strong>“</strong></span> <span class='ocrx_word' id='word_1_96' title='bbox 351 984 414 1021; x_wconf 87' lang='lat' dir='ltr'>Sic</span> <span class='ocrx_word' id='word_1_97' title='bbox 436 983 603 1019; x_wconf 85' lang='lat' dir='ltr'>exclusis</span> <span class='ocrx_word' id='word_1_98' title='bbox 624 985 834 1019; x_wconf 86' lang='lat' dir='ltr'>sententiis</span> <span class='ocrx_word' id='word_1_99' title='bbox 859 982 1112 1027; x_wconf 89' lang='lat' dir='ltr'>reliquorum,</span> <span class='ocrx_word' id='word_1_100' title='bbox 1135 997 1223 1019; x_wconf 88' lang='lat' dir='ltr'>cum</span> <span class='ocrx_word' id='word_1_101' title='bbox 1249 989 1424 1029; x_wconf 82' lang='lat' dir='ltr'>praeter--</span> 
     </span>
     <span class='ocr_line' id='line_1_15' title="bbox 258 1037 1423 1083; baseline 0 -7"><span class='ocrx_word' id='word_1_102' title='bbox 258 1053 304 1077; x_wconf 85' lang='lat' dir='ltr'>ea</span> <span class='ocrx_word' id='word_1_103' title='bbox 342 1038 451 1075; x_wconf 84' lang='lat' dir='ltr'>nulla</span> <span class='ocrx_word' id='word_1_104' title='bbox 483 1051 567 1074; x_wconf 88' lang='lat' dir='ltr'>esse</span> <span class='ocrx_word' id='word_1_105' title='bbox 603 1039 739 1083; x_wconf 83' lang='lat' dir='ltr'>possit,</span> <span class='ocrx_word' id='word_1_106' title='bbox 771 1037 868 1073; x_wconf 84' lang='lat' dir='ltr'>haee</span> <span class='ocrx_word' id='word_1_107' title='bbox 903 1040 1155 1083; x_wconf 86' lang='lat' dir='ltr'>antiquorum</span> <span class='ocrx_word' id='word_1_108' title='bbox 1190 1039 1319 1075; x_wconf 83' lang='lat' dir='ltr'>valeat</span> <span class='ocrx_word' id='word_1_109' title='bbox 1354 1053 1423 1076; x_wconf 88' lang='lat' dir='ltr'>ne-</span> 
     </span>
     <span class='ocr_line' id='line_1_16' title="bbox 257 1091 1422 1146; baseline 0 -8"><span class='ocrx_word' id='word_1_110' title='bbox 257 1115 364 1138; x_wconf 86' lang='lat' dir='ltr'>cesse</span> <span class='ocrx_word' id='word_1_111' title='bbox 379 1106 449 1138; x_wconf 90' lang='lat' dir='ltr'>est.</span> <span class='ocrx_word' id='word_1_112' title='bbox 499 1091 649 1146; x_wconf 86' lang='lat' dir='ltr'>Igitur1</span> <span class='ocrx_word' id='word_1_113' title='bbox 662 1102 846 1136; x_wconf 86' lang='lat' dir='ltr'>instituto</span> <span class='ocrx_word' id='word_1_114' title='bbox 863 1104 1056 1145; x_wconf 82' lang='lat' dir='ltr'>veterum,</span> <span class='ocrx_word' id='word_1_115' title='bbox 1071 1113 1148 1145; x_wconf 93' lang='lat' dir='ltr'>quo</span> <span class='ocrx_word' id='word_1_116' title='bbox 1165 1103 1285 1137; x_wconf 85' lang='lat' dir='ltr'>etiam</span> <span class='ocrx_word' id='word_1_117' title='bbox 1302 1101 1422 1138; x_wconf 88' lang='lat' dir='ltr'>Stoici</span> 
     </span>
     <span class='ocr_line' id='line_1_17' title="bbox 257 1162 1007 1208; baseline -0.004 -7"><span class='ocrx_word' id='word_1_118' title='bbox 257 1170 436 1208; x_wconf 72' lang='lat' dir='ltr'>utuntur,</span> <span class='ocrx_word' id='word_1_119' title='bbox 460 1164 551 1199; x_wconf 86' lang='lat' dir='ltr'>hinc</span> <span class='ocrx_word' id='word_1_120' title='bbox 573 1165 770 1208; x_wconf 85' lang='lat' dir='ltr'>capiamus</span> <span class='ocrx_word' id='word_1_121' title='bbox 792 1162 1007 1199; x_wconf 88' lang='lat' dir='ltr'>exordium.</span> 
     </span>
    </p>

    <p class='ocr_par' dir='ltr' id='par_1_4' title="bbox 187 1219 1420 1858">
     <span class='ocr_line' id='line_1_18' title="bbox 187 1219 1419 1272; baseline -0.002 -13"><span class='ocrx_word' id='word_1_122' title='bbox 187 1222 235 1259; x_wconf 76' lang='lat'>24</span> <span class='ocrx_word' id='word_1_123' title='bbox 313 1221 379 1257; x_wconf 90' lang='lat' dir='ltr'>IX.</span> <span class='ocrx_word' id='word_1_124' title='bbox 412 1225 434 1240; x_wconf 86' lang='lat'><strong>“</strong></span> <span class='ocrx_word' id='word_1_125' title='bbox 452 1220 583 1257; x_wconf 81' lang='lat' dir='ltr'>Omne</span> <span class='ocrx_word' id='word_1_126' title='bbox 597 1221 741 1256; x_wconf 78' lang='lat' dir='ltr'>animal</span> <span class='ocrx_word' id='word_1_127' title='bbox 757 1234 796 1257; x_wconf 86' lang='lat' dir='ltr'>se</span> <span class='ocrx_word' id='word_1_128' title='bbox 815 1224 943 1270; x_wconf 84' lang='lat' dir='ltr'>ipsum</span> <span class='ocrx_word' id='word_1_129' title='bbox 959 1220 1106 1269; x_wconf 83' lang='lat' dir='ltr'>diligit,</span> <span class='ocrx_word' id='word_1_130' title='bbox 1125 1233 1168 1256; x_wconf 79' lang='lat' dir='ltr'>ac</span> <span class='ocrx_word' id='word_1_131' title='bbox 1187 1220 1301 1257; x_wconf 88' lang='lat' dir='ltr'>simul</span> <span class='ocrx_word' id='word_1_132' title='bbox 1318 1219 1419 1272; x_wconf 87' lang='lat' dir='ltr'>[et]2</span> 
     </span>
     <span class='ocr_line' id='line_1_19' title="bbox 256 1279 1420 1329; baseline 0.001 -13"><span class='ocrx_word' id='word_1_133' title='bbox 256 1285 385 1316; x_wconf 89' lang='lat' dir='ltr'>ortum</span> <span class='ocrx_word' id='word_1_134' title='bbox 407 1284 468 1316; x_wconf 89' lang='lat' dir='ltr'>est</span> <span class='ocrx_word' id='word_1_135' title='bbox 489 1279 528 1315; x_wconf 85' lang='lat' dir='ltr'>id</span> <span class='ocrx_word' id='word_1_136' title='bbox 551 1283 633 1328; x_wconf 76' lang='lat' dir='ltr'>agit</span> <span class='ocrx_word' id='word_1_137' title='bbox 656 1285 700 1316; x_wconf 89' lang='lat' dir='ltr'>ut</span> <span class='ocrx_word' id='word_1_138' title='bbox 724 1293 764 1316; x_wconf 89' lang='lat' dir='ltr'>se</span> <span class='ocrx_word' id='word_1_139' title='bbox 787 1285 1007 1324; x_wconf 84' lang='lat' dir='ltr'>conservet,</span> <span class='ocrx_word' id='word_1_140' title='bbox 1022 1279 1128 1328; x_wconf 90' lang='lat' dir='ltr'>quod</span> <span class='ocrx_word' id='word_1_141' title='bbox 1146 1279 1209 1315; x_wconf 84' lang='lat' dir='ltr'>hic</span> <span class='ocrx_word' id='word_1_142' title='bbox 1223 1282 1259 1316; x_wconf 92' lang='lat' dir='ltr'>ei</span> <span class='ocrx_word' id='word_1_143' title='bbox 1272 1282 1420 1329; x_wconf 86' lang='lat' dir='ltr'>primus</span> 
     </span>
     <span class='ocr_line' id='line_1_20' title="bbox 255 1337 1417 1387; baseline 0.002 -13"><span class='ocrx_word' id='word_1_144' title='bbox 255 1338 303 1374; x_wconf 80' lang='lat' dir='ltr'>ad</span> <span class='ocrx_word' id='word_1_145' title='bbox 313 1351 471 1374; x_wconf 88' lang='lat' dir='ltr'>omnem</span> <span class='ocrx_word' id='word_1_146' title='bbox 483 1341 603 1374; x_wconf 72' lang='lat' dir='ltr'>vitam</span> <span class='ocrx_word' id='word_1_147' title='bbox 616 1338 807 1374; x_wconf 81' lang='lat' dir='ltr'>tuendam</span> <span class='ocrx_word' id='word_1_148' title='bbox 825 1341 1028 1387; x_wconf 81' lang='lat' dir='ltr'>appetitus</span> <span class='ocrx_word' id='word_1_149' title='bbox 1044 1352 1065 1373; x_wconf 84' lang='lat' dir='ltr'>a</span> <span class='ocrx_word' id='word_1_150' title='bbox 1079 1343 1220 1374; x_wconf 77' lang='lat' dir='ltr'>natura</span> <span class='ocrx_word' id='word_1_151' title='bbox 1233 1337 1362 1385; x_wconf 83' lang='lat' dir='ltr'>datur,</span> <span class='ocrx_word' id='word_1_152' title='bbox 1376 1353 1417 1376; x_wconf 90' lang='lat' dir='ltr'>se</span> 
     </span>
     <span class='ocr_line' id='line_1_21' title="bbox 256 1397 1417 1446; baseline 0.001 -13"><span class='ocrx_word' id='word_1_153' title='bbox 256 1403 300 1433; x_wconf 90' lang='lat' dir='ltr'>ut</span> <span class='ocrx_word' id='word_1_154' title='bbox 320 1402 527 1433; x_wconf 85' lang='lat' dir='ltr'>conservet</span> <span class='ocrx_word' id='word_1_155' title='bbox 547 1402 667 1446; x_wconf 82' lang='lat' dir='ltr'>atque</span> <span class='ocrx_word' id='word_1_156' title='bbox 688 1399 743 1433; x_wconf 78' lang='lat' dir='ltr'>ita</span> <span class='ocrx_word' id='word_1_157' title='bbox 764 1399 815 1432; x_wconf 87' lang='lat' dir='ltr'>sit</span> <span class='ocrx_word' id='word_1_158' title='bbox 835 1397 1021 1432; x_wconf 85' lang='lat' dir='ltr'>affectum</span> <span class='ocrx_word' id='word_1_159' title='bbox 1044 1402 1086 1432; x_wconf 92' lang='lat' dir='ltr'>ut</span> <span class='ocrx_word' id='word_1_160' title='bbox 1107 1399 1257 1445; x_wconf 89' lang='lat' dir='ltr'>optime</span> <span class='ocrx_word' id='word_1_161' title='bbox 1278 1410 1417 1434; x_wconf 86' lang='lat' dir='ltr'>secun-</span> 
     </span>
     <span class='ocr_line' id='line_1_22' title="bbox 256 1455 1417 1504; baseline 0.001 -12"><span class='ocrx_word' id='word_1_162' title='bbox 256 1456 350 1492; x_wconf 88' lang='lat' dir='ltr'>dum</span> <span class='ocrx_word' id='word_1_163' title='bbox 371 1461 553 1492; x_wconf 83' lang='lat' dir='ltr'>naturam</span> <span class='ocrx_word' id='word_1_164' title='bbox 574 1455 759 1492; x_wconf 77' lang='lat' dir='ltr'>affectum</span> <span class='ocrx_word' id='word_1_165' title='bbox 782 1468 867 1492; x_wconf 83' lang='lat' dir='ltr'>esse</span> <span class='ocrx_word' id='word_1_166' title='bbox 888 1458 1023 1504; x_wconf 88' lang='lat' dir='ltr'>possit.</span> <span class='ocrx_word' id='word_1_167' title='bbox 1086 1455 1203 1491; x_wconf 81' lang='lat' dir='ltr'>Hanc</span> <span class='ocrx_word' id='word_1_168' title='bbox 1224 1458 1338 1492; x_wconf 84' lang='lat' dir='ltr'>initio</span> <span class='ocrx_word' id='word_1_169' title='bbox 1358 1459 1417 1493; x_wconf 91' lang='lat' dir='ltr'>in-</span> 
     </span>
     <span class='ocr_line' id='line_1_23' title="bbox 255 1514 1415 1559; baseline 0 -8"><span class='ocrx_word' id='word_1_170' title='bbox 255 1518 506 1551; x_wconf 88' lang='lat' dir='ltr'>stitutionem</span> <span class='ocrx_word' id='word_1_171' title='bbox 523 1514 727 1551; x_wconf 87' lang='lat' dir='ltr'>confusam</span> <span class='ocrx_word' id='word_1_172' title='bbox 742 1514 864 1551; x_wconf 80' lang='lat' dir='ltr'>habet</span> <span class='ocrx_word' id='word_1_173' title='bbox 880 1519 922 1550; x_wconf 90' lang='lat' dir='ltr'>et</span> <span class='ocrx_word' id='word_1_174' title='bbox 943 1517 1149 1559; x_wconf 84' lang='lat' dir='ltr'>incertam,</span> <span class='ocrx_word' id='word_1_175' title='bbox 1175 1519 1219 1551; x_wconf 87' lang='lat' dir='ltr'>ut</span> <span class='ocrx_word' id='word_1_176' title='bbox 1239 1519 1415 1551; x_wconf 85' lang='lat' dir='ltr'>tantum-</span> 
     </span>
     <span class='ocr_line' id='line_1_24' title="bbox 254 1573 1416 1623; baseline 0.001 -13"><span class='ocrx_word' id='word_1_177' title='bbox 254 1573 371 1610; x_wconf 90' lang='lat' dir='ltr'>modo</span> <span class='ocrx_word' id='word_1_178' title='bbox 391 1587 431 1610; x_wconf 93' lang='lat' dir='ltr'>se</span> <span class='ocrx_word' id='word_1_179' title='bbox 452 1578 612 1610; x_wconf 83' lang='lat' dir='ltr'>tueatur</span> <span class='ocrx_word' id='word_1_180' title='bbox 641 1573 929 1622; x_wconf 82' lang='lat' dir='ltr'>qualecumque</span> <span class='ocrx_word' id='word_1_181' title='bbox 959 1576 1033 1616; x_wconf 82' lang='lat' dir='ltr'>sit3</span> <span class='ocrx_word' id='word_1_182' title='bbox 1063 1573 1131 1609; x_wconf 86' lang='lat' dir='ltr'>sed</span> <span class='ocrx_word' id='word_1_183' title='bbox 1154 1587 1227 1610; x_wconf 89' lang='lat' dir='ltr'>nec</span> <span class='ocrx_word' id='word_1_184' title='bbox 1249 1574 1343 1623; x_wconf 90' lang='lat' dir='ltr'>quid</span> <span class='ocrx_word' id='word_1_185' title='bbox 1364 1578 1416 1612; x_wconf 84' lang='lat' dir='ltr'>sit</span> 
     </span>
     <span class='ocr_line' id='line_1_25' title="bbox 253 1632 1413 1682; baseline 0.002 -13"><span class='ocrx_word' id='word_1_186' title='bbox 253 1646 327 1669; x_wconf 90' lang='lat' dir='ltr'>nec</span> <span class='ocrx_word' id='word_1_187' title='bbox 347 1632 442 1682; x_wconf 90' lang='lat' dir='ltr'>quid</span> <span class='ocrx_word' id='word_1_188' title='bbox 463 1635 585 1681; x_wconf 80' lang='lat' dir='ltr'>possit</span> <span class='ocrx_word' id='word_1_189' title='bbox 605 1645 679 1668; x_wconf 90' lang='lat' dir='ltr'>nec</span> <span class='ocrx_word' id='word_1_190' title='bbox 701 1632 794 1681; x_wconf 90' lang='lat' dir='ltr'>quid</span> <span class='ocrx_word' id='word_1_191' title='bbox 817 1635 937 1680; x_wconf 73' lang='lat' dir='ltr'>ipsius</span> <span class='ocrx_word' id='word_1_192' title='bbox 965 1637 1105 1668; x_wconf 80' lang='lat' dir='ltr'>natura</span> <span class='ocrx_word' id='word_1_193' title='bbox 1126 1635 1177 1668; x_wconf 88' lang='lat' dir='ltr'>sit</span> <span class='ocrx_word' id='word_1_194' title='bbox 1197 1633 1413 1682; x_wconf 88' lang='lat' dir='ltr'>intellegit.</span> 
     </span>
     <span class='ocr_line' id='line_1_26' title="bbox 255 1691 1413 1741; baseline 0 -13"><span class='ocrx_word' id='word_1_195' title='bbox 255 1692 353 1728; x_wconf 90' lang='lat' dir='ltr'>Cum</span> <span class='ocrx_word' id='word_1_196' title='bbox 380 1697 514 1728; x_wconf 82' lang='lat' dir='ltr'>autem</span> <span class='ocrx_word' id='word_1_197' title='bbox 535 1694 726 1740; x_wconf 89' lang='lat' dir='ltr'>processit</span> <span class='ocrx_word' id='word_1_198' title='bbox 747 1691 908 1739; x_wconf 82' lang='lat' dir='ltr'>paulum</span> <span class='ocrx_word' id='word_1_199' title='bbox 931 1696 973 1727; x_wconf 87' lang='lat' dir='ltr'>et</span> <span class='ocrx_word' id='word_1_200' title='bbox 992 1696 1189 1740; x_wconf 86' lang='lat' dir='ltr'>quatenus</span> <span class='ocrx_word' id='word_1_201' title='bbox 1210 1691 1413 1741; x_wconf 84' lang='lat' dir='ltr'>quidque³</span> 
     </span>
     <span class='ocr_line' id='line_1_27' title="bbox 253 1750 1414 1799; baseline 0 -12"><span class='ocrx_word' id='word_1_202' title='bbox 253 1764 294 1787; x_wconf 88' lang='lat' dir='ltr'>se</span> <span class='ocrx_word' id='word_1_203' title='bbox 315 1753 488 1799; x_wconf 81' lang='lat' dir='ltr'>attingat</span> <span class='ocrx_word' id='word_1_204' title='bbox 508 1750 555 1786; x_wconf 84' lang='lat' dir='ltr'>ad</span> <span class='ocrx_word' id='word_1_205' title='bbox 574 1763 694 1799; x_wconf 89' lang='lat' dir='ltr'>seque</span> <span class='ocrx_word' id='word_1_206' title='bbox 716 1752 918 1798; x_wconf 82' lang='lat' dir='ltr'>pertineat</span> <span class='ocrx_word' id='word_1_207' title='bbox 932 1752 1156 1798; x_wconf 87' lang='lat' dir='ltr'>perspicere</span> <span class='ocrx_word' id='word_1_208' title='bbox 1171 1753 1314 1799; x_wconf 83' lang='lat' dir='ltr'>coepit,</span> <span class='ocrx_word' id='word_1_209' title='bbox 1327 1756 1414 1787; x_wconf 89' lang='lat' dir='ltr'>tum</span> 
     </span>
     <span class='ocr_line' id='line_1_28' title="bbox 253 1808 1414 1858; baseline 0 -12"><span class='ocrx_word' id='word_1_210' title='bbox 253 1812 399 1846; x_wconf 85' lang='lat' dir='ltr'>sensim</span> <span class='ocrx_word' id='word_1_211' title='bbox 412 1812 554 1857; x_wconf 87' lang='lat' dir='ltr'>incipit</span> <span class='ocrx_word' id='word_1_212' title='bbox 569 1808 757 1858; x_wconf 84' lang='lat' dir='ltr'>progredi</span> <span class='ocrx_word' id='word_1_213' title='bbox 774 1821 944 1858; x_wconf 91' lang='lat' dir='ltr'>seseque</span> <span class='ocrx_word' id='word_1_214' title='bbox 960 1821 1176 1857; x_wconf 82' lang='lat' dir='ltr'>agnoscere</span> <span class='ocrx_word' id='word_1_215' title='bbox 1196 1814 1238 1846; x_wconf 87' lang='lat' dir='ltr'>et</span> <span class='ocrx_word' id='word_1_216' title='bbox 1257 1810 1414 1847; x_wconf 88' lang='lat' dir='ltr'>intelle-</span> 
     </span>
    </p>
   </div>
   <div class='ocr_carea' id='block_1_3' title="bbox 296 1917 1224 2045">
    <p class='ocr_par' dir='ltr' id='par_1_5' title="bbox 296 1917 1224 2045">
     <span class='ocr_line' id='line_1_29' title="bbox 298 1917 775 1959; baseline 0.002 -11"><span class='ocrx_word' id='word_1_217' title='bbox 298 1919 309 1937; x_wconf 86' lang='lat'>1</span> <span class='ocrx_word' id='word_1_218' title='bbox 329 1918 442 1958; x_wconf 72' lang='lat' dir='ltr'>Igitur</span> <span class='ocrx_word' id='word_1_219' title='bbox 458 1927 468 1948; x_wconf 92' lang='lat'>.·</span> <span class='ocrx_word' id='word_1_220' title='bbox 491 1917 555 1949; x_wconf 82' lang='lat' dir='ltr'>inf.</span> <span class='ocrx_word' id='word_1_221' title='bbox 573 1917 671 1948; x_wconf 84' lang='lat' dir='ltr'>MSS.</span> <span class='ocrx_word' id='word_1_222' title='bbox 690 1927 775 1959; x_wconf 78' lang='lat' dir='ltr'>ergo.</span> 
     </span>
     <span class='ocr_line' id='line_1_30' title="bbox 299 1960 719 2001; baseline 0.002 -11"><span class='ocrx_word' id='word_1_223' title='bbox 299 1961 311 1980; x_wconf 92' lang='lat'><em>²</em></span> <span class='ocrx_word' id='word_1_224' title='bbox 331 1962 385 2001; x_wconf 78' lang='lat' dir='ltr'>[et]</span> <span class='ocrx_word' id='word_1_225' title='bbox 405 1960 504 1991; x_wconf 81' lang='lat' dir='ltr'>Mdv.</span> <span class='ocrx_word' id='word_1_226' title='bbox 523 1970 578 2001; x_wconf 91' lang='lat' dir='ltr'>cp.</span> <span class='ocrx_word' id='word_1_227' title='bbox 598 1961 645 1996; x_wconf 84' lang='grc' dir='ltr'>ΙΙ,</span> <span class='ocrx_word' id='word_1_228' title='bbox 666 1969 719 1999; x_wconf 83' lang='lat'>33.</span> 
     </span>
     <span class='ocr_line' id='line_1_31' title="bbox 296 2002 1224 2045; baseline 0.001 -11"><span class='ocrx_word' id='word_1_229' title='bbox 296 2004 309 2023; x_wconf 77' lang='lat'>³</span> <span class='ocrx_word' id='word_1_230' title='bbox 325 2003 471 2045; x_wconf 69' lang='lat' dir='ltr'>quidque</span> <span class='ocrx_word' id='word_1_231' title='bbox 488 2004 622 2041; x_wconf 81' lang='lat' dir='ltr'>Baiter,</span> <span class='ocrx_word' id='word_1_232' title='bbox 640 2003 784 2040; x_wconf 80' lang='lat' dir='ltr'>Miiller;</span> <span class='ocrx_word' id='word_1_233' title='bbox 811 2002 980 2044; x_wconf 70' lang='lat' dir='ltr'>quidquid</span> <span class='ocrx_word' id='word_1_234' title='bbox 996 2002 1108 2040; x_wconf 67' lang='lat' dir='ltr'>MSS„</span> <span class='ocrx_word' id='word_1_235' title='bbox 1125 2003 1224 2035; x_wconf 89' lang='lat' dir='ltr'>Mdv.</span> 
     </span>
    </p>
   </div>
   <div class='ocr_carea' id='block_1_4' title="bbox 308 2089 384 2125">
    <p class='ocr_par' dir='ltr' id='par_1_6' title="bbox 308 2089 384 2125">
     <span class='ocr_line' id='line_1_32' title="bbox 308 2089 384 2125; baseline 0.013 -1"><span class='ocrx_word' id='word_1_236' title='bbox 308 2089 384 2125; x_wconf 76' lang='lat'>416</span> 
     </span>
    </p>
   </div>
  </div>
 </body>
</html>
